2559 3692
285 432 336 487 soc
521 436 846 483 ursnonnsnun
895 402 899 406 ’
949 426 1087 501 (sarm

286 538 364 594 ratim
379 534 507 593 adsistere
519 536 606 592 iubet:
644 534 705 592 lllos
719 539 824 609 primus
842 534 931 591 statim
944 536 1090 607 adspectm
1145 574 1146 611 ;

287 610 510 685 obstupefecerat:
529 628 593 667 cum
607 628 641 667 ex
655 610 761 669 diverso
775 610 848 665 velut
866 612 960 675 aciem,
982 611 1046 665 telis
1066 620 1092 667 el
1145 616 1146 631 ¹

287 688 370 743 armis
385 694 497 751 trucem,
518 689 602 742 semet
614 685 720 741 clausos
734 685 875 757 nudosque
889 694 915 740 et
928 684 1035 741 inluvie
1044 686 1091 741 de-
1145 720 1146 723 =

287 760 575 833 lormes.adspioerent.
596 761 699 817 Utverc
708 758 836 815 hucillnc
845 759 956 815 distrahi
966 777 1091 832 coepere,

288 844 376 893 metus
385 853 434 909 per
441 852 536 892 omnes
545 842 571 891 et
579 836 722 908 praecipua
728 834 881 906 Germanioi
890 834 985 890 militis
995 834 1091 891 lormi-

287 913 332 979 do,
347 920 486 985 tamquam
499 927 530 965 ea
543 912 708 982 separatione
717 909 752 965 sd
760 909 867 965 caedem
876 909 1089 965 destinarentur

287 1003 414 1060 prensare
422 984 692 1056 commanipularium
700 984 1091 1058 pectora‚cervicibusinnccti,

288 1078 414 1135 suprema
427 1059 518 1117 cscule
531 1068 629 1131 potem,
645 1078 677 1115 ne
691 1062 870 1115 dmemrsoter
882 1062 942 1123 ccli,
955 1078 1018 1123 asu,
1029 1064 1093 1129 pori

288 1137 318 1192 io
326 1152 428 1199 masec,
442 1139 574 1203 depereo
585 1140 718 1205 [mennam
723 1143 892 1203 poterentur:
908 1134 991 1191 'modo
1004 1135 1091 1190 Muci-

289 1227 382 1275 anum,
394 1208 473 1264 modo
486 1209 623 1264 absentem
631 1207 792 1281 principem,
806 1216 973 1281 postremum
983 1209 1089 1265 caelum

288 1284 390 1341 acdecs
398 1283 537 1340 obtestari:
552 1283 908 1349 doncollucianus,cuactos
918 1288 1034 1339 onmem
1046 1302 1091 1339 sc-

290 1362 423 1424 crcmaoti,
443 1362 557 1413 nmero
568 1363 735 1428 imperatoris
747 1360 843 1413 milites
859 1357 1008 1431 adpellans,
1026 1358 1091 1415 falso
1145 1396 1146 1399 η

289 1434 378 1490 timori
386 1432 493 1489 maiam
503 1433 567 1489 iret..
586 1432 1090 1506 Namqueetvictcrexercitusclamo-

288 1508 552 1580 relncrimasecrnm
560 1508 679 1563 lambat.
701 1508 790 1579 ‚Isque
799 1507 861 1563 finis
870 1506 918 1563 illa
926 1508 982 1565 die.
1022 1510 1091 1564 Pan-

288 1584 328 1639 cis
341 1590 402 1655 post
411 1582 517 1648 diebus,
532 1582 719 1655 adloquentem
731 1582 912 1639 Domitianum
926 1582 1028 1642 firmati
1039 1586 1090 1639 iem

289 1674 424 1731 excepere.
449 1656 797 1731 Spernuntoblrtoeagros:
819 1657 942 1713 militiam
953 1667 981 1713 et
989 1661 1091 1732 stipen-

290 1733 334 1789 dia
351 1741 435 1789 oront.
475 1733 569 1789 Preces
587 1741 671 1798 erent,
692 1733 740 1788 scd
756 1732 860 1805 quihus
879 1733 1025 1789 contradici
1038 1752 1091 1809 non

288 1816 387 1881 posmt.
426 1809 510 1882 Igitur
524 1808 553 1864 in
565 1808 729 1880 praetorium
742 1808 851 1879 accepti.
891 1808 972 1875 Dein,
987 1810 1092 1880 quibus
1145 1804 1146 1813 ’

289 1893 359 1939 actm
369 1890 395 1939 et
404 1884 474 1939 iusta
483 1883 624 1956 stipendio,
631 1882 738 1938 dimissi
748 1900 810 1938 cum
821 1882 983 1959 honore‚alii
993 1884 1092 1939 obcul·

288 1975 366 2031 pnm3
387 1958 435 2013 sed
448 1954 559 2029 carptim
574 1974 605 2012 ac
618 1956 734 2031 singuli:
755 1975 811 2029 quo
824 1958 959 2014 tutissimo
972 1959 1091 2014 remedio
1145 2018 1146 2025 χ

289 2050 436 2089 consensus
445 2031 626 2089 multitudinis
636 2036 803 2109 extenuatur.

344 2110 385 2162 lt.
414 2108 537 2164 Ceterum
556 2124 654 2163 verone
672 2107 808 2179 pauperie,
828 2124 863 2163 an
882 2107 923 2163 uti
941 2106 1088 2174 videretur,

288 2187 378 2236 actum
388 2182 416 2238 in
425 2190 529 2249 senatu,
541 2191 571 2237 et
579 2188 723 2238 sexcenties
730 2186 875 2237 sestertium
884 2200 902 2237 a
909 2186 1024 2251 privatis
1033 2202 1090 2241 mu-

290 2265 361 2310 tuom
374 2262 545 2329 cociomtat.
583 2257 806 2329 Praepositusque
820 2256 846 2312 ei
859 2274 938 2312 curae
950 2250 1089 2331 Poppaeus
1145 2264 1146 2269 ’

186 2398 192 2409 Ι
289 2329 425 2386 Silvanus.
464 2334 520 2388 Nec
532 2331 617 2387 multo
628 2340 689 2403 post
699 2332 841 2388 necessitas
852 2332 926 2398 abiit,
938 2332 998 2389 eive
1007 2334 1089 2389 cmis-

288 2424 318 2461 ss
328 2405 473 2463 simulatio.
502 2406 628 2483 Abrogati
638 2407 711 2473 inde,
723 2405 808 2481 legem
819 2405 918 2463 ferente
928 2408 1086 2471 Domitiano,

289 2480 452 2547 consulatus,
469 2499 538 2555 quos
546 2482 670 2540 Vitellius
683 2483 803 2539 dederat:
825 2480 963 2555 lucusque
973 2485 1089 2541 censori-

289 2572 337 2610 nm
347 2556 440 2615 Flavio
449 2555 547 2613 Sabino
555 2558 682 2616 demum:
703 2575 800 2633 magua
810 2557 968 2615 documenta
977 2558 1088 2614 insnbi·

290 2630 324 2684 lis
335 2629 464 2696 fortunae,
475 2649 637 2705 summeque
647 2641 673 2688 et
681 2635 736 2689 ime
746 2634 893 2689 miscentis.
969 2654 972 2659 ·
1027 2678 1030 2683 .

292 2736 299 2747 ·
344 2708 388 2761 48.
406 2704 464 2761 Sub
477 2705 549 2761 idem
563 2714 671 2778 tempus
684 2707 715 2761 la
731 2708 792 2763 Piso
806 2706 949 2781 proconsul
964 2707 1088 2763 interlici-

290 2788 342 2835 tnr.
380 2780 461 2836 liade
471 2780 641 2853 caedequam
651 2782 791 2837 uerissime
806 2782 956 2855 expediam.
972 2784 997 2838 si
1005 2800 1088 2854 penca

289 2869 371 2926 snpra
380 2856 518 2927 repetiero,
533 2855 567 2911 ab
580 2856 657 2911 initio
669 2858 827 2929 caussisque
836 2855 930 2911 talium
941 2856 1096 2930 iacinctum¹

289 2930 477 2987 nonabsurda.
516 2929 734 3007 Legioinsllrica
745 2930 901 3003 auxiliaque
910 2932 1028 2987 tutandis
1038 2933 1087 2988 im.-
