2559 3692
304 419 337 490 tt
541 439 867 488 ntsronrsnuu
967 426 1104 499 (sosas

302 539 445 596 ducatoris:
466 541 530 594 dori
542 549 648 608 tempus,
663 543 706 594 adt
718 545 844 603 musmo,
858 541 978 608 wcmots
990 541 1108 592 s'wtsum

302 633 335 670 oo
350 623 488 679 meantem,
508 631 579 669 more
594 623 680 668 tameo
692 617 858 676 audiendum,
879 611 1031 668 censebunt.
1071 611 1108 667 Et

223 754 227 762 ยน
303 688 411 746 valuere
421 688 518 760 primo,
530 687 667 760 dilataque
674 689 703 742 in
713 705 812 759 paucos
823 687 881 743 dies
891 687 1015 760 cognitio.
1042 686 1108 742 Mox

303 764 444 820 damnatus
454 761 966 835 estFaustus,nequoquameoadsensu
975 761 1105 826 civitatis,

304 857 386 913 quem
396 839 521 910 pessimis
536 837 656 893 moribus
665 845 810 892 meruerat:
831 838 933 910 quippe
942 837 1035 907 ipsum
1045 834 1108 891 Cri-

304 913 500 986 spumeesdem
509 912 1109 983 adcusationesoumpraemioexercuisseme-

304 990 445 1044 minerant.
478 988 533 1041 Nec
541 1005 623 1058 poena
634 987 766 1051 criminis,
777 986 825 1041 sed
836 985 906 1041 ultor
914 984 1085 1055 displicebat.

361 1066 402 1116 ll.
423 1062 501 1116 Laeta
515 1063 622 1117 interim
632 1060 731 1118 Othoni
744 1061 874 1133 principia
889 1059 962 1125 belli,
974 1061 1057 1115 motis
1070 1060 1108 1115 ad

304 1138 449 1209 imperium
469 1137 528 1191 eius
547 1153 562 1191 e
580 1135 708 1192 Dalmatia
722 1136 911 1208 Pannoniaque
930 1135 1105 1191 exercitibus.

304 1213 389 1268 Fuere
399 1219 513 1282 quatuor
523 1210 654 1284 legiones:
670 1211 796 1282 equibus
804 1211 867 1268 bina
875 1208 962 1264 millio
970 1211 1108 1282 proemis-

305 1305 347 1342 sa:
368 1287 442 1357 ipsae
456 1285 567 1342 modicis
580 1286 728 1342 intervallis
741 1285 935 1358 sequebantur:
957 1285 1075 1356 septima
1089 1303 1106 1338 a

306 1361 389 1416 Galba
402 1362 562 1432 conscripta:
584 1369 722 1417 veteranae
733 1360 874 1416 undecimo
884 1375 915 1414 ec
923 1359 1107 1415 tertiadecima

305 1445 331 1492 et
342 1436 483 1507 praecipua
498 1435 568 1490 lama
582 1434 826 1507 quartadecumani,
842 1433 985 1491 rebellione
998 1435 1107 1489 Britan-

304 1512 364 1568 niae
373 1527 534 1582 compresse.
566 1509 709 1566 Addiderat
717 1508 829 1582 gloriam
838 1510 917 1574 Nero,
929 1508 1062 1583 eligendo,
1073 1518 1108 1564 ut

303 1586 468 1658 potissimos.
507 1584 583 1641 Unde
601 1585 679 1658 longa
698 1584 753 1640 illis
766 1601 828 1658 erga
842 1586 974 1640 Neronem
988 1584 1066 1650 tides,
1079 1593 1107 1640 et

304 1669 388 1716 erecta
408 1660 438 1716 in
448 1659 579 1716 Othonem
597 1661 694 1716 studia.
733 1659 795 1724 Sed,
809 1677 864 1731 quo
876 1658 939 1731 plus
956 1659 1058 1714 virium
1073 1677 1108 1714 ac

304 1734 544 1802 roboris,efiduoia
554 1735 662 1792 tarditas
671 1737 765 1791 inerat.
786 1735 889 1808 bgmen
899 1734 1037 1808 legionum
1046 1734 1106 1789 alae

304 1811 477 1885 cohortesque
485 1811 699 1884 praeveniebant.
715 1811 749 1866 Et
758 1827 791 1865 ex
800 1812 859 1882 ipsa
868 1809 1018 1865 urbebaud
1027 1826 1107 1881 sper-

304 1887 389 1943 nenda
400 1905 507 1953 manus,
519 1889 641 1961 quinque
650 1887 794 1957 praetoriae
803 1885 932 1950 cohortes,
944 1892 970 1939 et
978 1886 1106 1957 equitum

305 1963 402 2018 vexilla
412 1980 474 2018 cum
485 1961 588 2036 legione
597 1962 698 2031 prima:
717 1977 749 2014 uc
757 1957 874 2014 deforme
884 1961 995 2030 insuper
1004 1959 1108 2014 auxili-

304 2055 361 2102 um,
374 2038 427 2092 duo
437 2035 522 2091 millia
531 2034 772 2108 gladiatorum,sed
781 2050 829 2105 per
837 2034 928 2091 civilia
938 2052 1012 2090 arma
1021 2036 1106 2089 etiam

304 2113 404 2166 severis
416 2110 530 2166 ducibus
542 2120 713 2180 usurpatum.
752 2110 801 2169 llis
809 2111 893 2180 oopiis
903 2119 987 2164 rector
996 2108 1107 2166 additus

303 2187 409 2242 Annius
423 2185 527 2250 Gallus,
538 2202 600 2240 cum
610 2185 739 2240 Vestricio
747 2183 880 2256 Spurinna
893 2183 927 2239 ad
936 2185 1108 2256 occupandas

304 2259 369 2315 Padi
389 2261 461 2332 ripas
479 2261 660 2331 praemissus:
680 2261 808 2332 quoniam
824 2260 910 2331 prima
928 2261 1106 2315 consiliorum

303 2336 402 2391 frustra
412 2334 1107 2408 cecideruut,transgressoiamdlpesCaecinu,quem

304 2412 364 2466 sisti
377 2411 447 2466 intro
461 2410 562 2466 Gallias
576 2427 655 2482 posse
668 2413 828 2481 speraverat.
867 2411 961 2481 ipsum
970 2409 1108 2466 Othonem

305 2486 497 2542 comitabantur
510 2485 708 2557 speculatorum
722 2484 788 2553 lecta
800 2502 919 2556 corpora,
933 2501 997 2540 cum
1009 2487 1108 2541 ceteris

303 2562 441 2634 praetoriis
451 2561 613 2624 cohortibus,
624 2561 743 2616 veterani
752 2578 768 2615 e
776 2560 914 2632 praetorio,
928 2557 1107 2615 classicorum

303 2639 399 2711 ingens
413 2654 553 2692 numerus.
592 2637 648 2691 Nec
661 2635 702 2690 illi
716 2651 798 2708 segne
810 2643 856 2689 aut
865 2643 1026 2706 conruptum
1037 2634 1108 2691 luxu

303 2715 367 2768 iter:
389 2712 436 2766 sed
451 2713 529 2767 lorica
542 2711 625 2767 ferrea
639 2729 708 2766 usus
717 2718 766 2774 est,
782 2719 875 2766 etante
884 2711 961 2784 signu
970 2709 1107 2784 pedester,

304 2786 438 2850 horridus,
450 2788 612 2858 incomptus,
624 2785 764 2858 famaeque
772 2786 923 2842 dissimilis.

361 2865 402 2918 li.
416 2861 603 2918 Blandiebatur
612 2863 711 2933 coeptis
722 2861 963 2934 fortuna,possessa
972 2877 1021 2932 per
1031 2879 1110 2916 mare

306 2947 331 2994 et
340 2955 422 2992 naves
433 2938 532 2998 maiore
542 2937 631 2992 ltaliae
640 2946 724 3009 parte,
737 2939 844 3009 penitus
853 2952 941 3008 risque
951 2935 987 2990 ad
994 2935 1108 2991 initium
