2559 3692
305 482 355 537 3ἇο
538 487 589 533 DE
609 487 864 535 oneremus

360 584 429 621 Ψ
445 587 507 643 Non
519 585 554 643 de
565 588 650 644 otiose
661 594 688 643 et
699 586 986 660 quietereioquimur,
999 593 1109 659 etqrue

305 662 434 735 probitate
451 669 477 717 et
494 661 623 718 modestia
640 661 768 737 gaudeet:
792 662 894 718 sedest
908 675 1010 734 megne
1023 660 1108 717 illaet

306 736 430 793 notabilis
443 734 607 809 eloquentia,
617 736 726 793 alumna
740 736 872 802 tinentiae,
885 752 971 808 quem
985 735 1066 792 stulti
1076 740 1109 791 ts·-

307 816 430 869 tertntem
438 810 583 879 voeebent,
596 828 685 868 eomes
693 811 865 877 seditionum,
882 809 1004 866 effrenati
1011 810 1108 883 popuii

305 886 518 951 incitamentum,
523 886 729 959 siueobeequio,
737 887 796 943 sine
803 886 941 951 serdente,
946 893 1105 951 eontumux,

307 960 455 1026 temerarie,
470 960 609 1035 adregene,
624 978 695 1034 quoe
706 961 737 1016 in
750 960 820 1016 bene
829 959 983 1017 constitutis
991 960 1107 1015 eivimd·

307 1036 360 1090 bus
369 1052 423 1092 nen
432 1036 524 1091 oritur.
544 1035 630 1103 Quem
638 1033 1106 1099 enimonteremLeeedsemonium,

307 1126 390 1181 quem
404 1109 555 1165 Cretensem
567 1108 737 1184 eeeepimusi
755 1127 871 1183 merum
880 1108 1024 1165 eivitutum
1033 1126 1108 1167 seve·

308 1183 416 1239 tissime
424 1182 565 1255 disciplina
574 1190 600 1239 et
608 1185 794 1241 severissimue
802 1184 875 1258 legen
883 1182 1040 1241 truduntur.
1070 1185 1108 1239 Ne

308 1258 480 1313 Macedonum
499 1258 609 1331 quidem
628 1276 660 1315 ee
675 1260 826 1325 Persarum,
846 1267 894 1314 aut
906 1256 995 1315 ullius
1006 1260 1106 1333 gentis,

309 1348 379 1404 quae
392 1340 463 1387 eerte
475 1332 588 1405 imperio
601 1341 723 1390 contente
731 1332 819 1399 tuerit,
839 1332 1024 1407 eloquentium
1032 1334 1108 1390 noni-

308 1422 381 1461 mus.
420 1406 515 1463 Rhodii
529 1408 654 1482 quidam,
674 1408 787 1481 plurimi
801 1408 978 1464 Athenienses
992 1417 1107 1465 mures

207 1478 210 1487 '
308 1480 475 1548 exstiterunt,
486 1481 558 1555 epud
570 1500 639 1555 quos
647 1484 737 1540 omniu
745 1482 872 1556 populus,
882 1484 976 1539 omniu
985 1484 1105 1555 inperiti,

309 1556 408 1622 omniu,
419 1558 498 1613 uteie
507 1557 630 1624 dixerim,
640 1575 735 1614 omnes
743 1565 871 1629 poterunt.
891 1558 990 1614 Nostra
997 1575 1107 1630 quoqne

309 1631 413 1697 eivitas,
423 1630 507 1689 donee
514 1633 620 1699 erravit,
633 1632 1108 1705 doneosepertibusetdissensioui-

301 1706 362 1761 ·bus
374 1714 400 1763 et
411 1704 551 1763 discordiis
560 1706 680 1774 eouieeit,
698 1707 783 1764 donee
791 1706 866 1763 neuile
875 1705 967 1769 feritin
977 1706 1037 1763 toro
1045 1724 1104 1779 pax,

311 1780 385 1836 nulla
400 1781 429 1836 in
438 1790 531 1837 senatu
541 1782 688 1849 eonoordie,
708 1781 782 1838 nullu
793 1782 940 1870 miudieiis
949 1782 1105 1846 moderatio,

305 1855 385 1912 nediu
393 1857 561 1929 superiorum
570 1856 824 1923 reverentie,nullus
832 1864 1044 1931 mugrstratuum
1053 1874 1107 1913 mo

309 1931 372 1997 due,
391 1930 454 1987 tulit
470 1932 529 1987 sine
542 1932 625 1988 dubio
640 1932 810 1989 valentiorem
821 1931 1018 2005 elequentiam,
1041 1933 1108 1987 sieut

310 2006 456 2063 indomitus
471 2023 533 2081 eger
545 2006 625 2063 hebet
636 2006 768 2081 quasdem
777 2007 873 2063 herbes
884 2006 1017 2062 laetiores.
1056 2005 1109 2062 Sed

271 2079 275 2088 ‘
310 2097 360 2136 nee
377 2082 443 2137 tenti
461 2080 622 2154 reipublicae
635 2082 816 2139 Gremhorum
828 2081 981 2155 eloquentie
996 2080 1062 2150 tuit,
1081 2089 1107 2137 ut

309 2155 570 2231 patereturetieges:
591 2173 640 2213 nee
652 2156 721 2213 bene
730 2155 1007 2230 iumameloquentiae
1017 2155 1107 2213 Cieero

310 2228 357 2285 teli
366 2231 440 2289 exitu
448 2232 579 2303 pensavit.

367 2306 409 2359 tt.
430 2304 476 2359 Sie
488 2322 605 2379 queque,
615 2305 690 2379 quod
700 2314 823 2379 superest
830 2305 935 2378 antiqui
946 2305 1105 2367 oratoribus,

212 2436 214 2441 ,
310 2376 408 2445 iorum,
424 2395 477 2435 non
486 2380 638 2437 emendatae
647 2398 697 2437 nee
704 2381 935 2454 usqneudvotum
945 2381 1105 2451 eompueitee

310 2453 425 2508 eivitatis
434 2463 622 2527 argumentum
630 2464 679 2511 est.
709 2455 777 2523 Quis
785 2453 1105 2521 enimnosedvoeet,nisi

311 2530 629 2586 eutnoeensautmiser?
646 2529 725 2598 Quod
733 2530 912 2601 municipium
922 2527 1105 2585 inelientelam

311 2610 428 2658 nostrum
446 2607 528 2671 venit,
544 2606 597 2661 uisi
611 2605 684 2677 qnod
696 2613 743 2660 eut
754 2604 861 2661 vieim
873 2602 992 2675 populus
1005 2602 1105 2659 eutdo-

311 2678 421 2735 mestioa
439 2678 571 2735 disoordie
585 2678 684 2754 agitet?
704 2678 791 2747 Quam
808 2678 976 2751 provinciam
988 2685 1102 2738 tuemur,

311 2754 365 2809 nisi
375 2752 716 2827 spoliatamvexatamque?
738 2752 820 2827 Atqui
830 2753 928 2810 metius
936 2751 1044 2817 inissa,
1055 2767 1102 2807 non

311 2831 403 2898 queri,
423 2844 506 2901 quem
529 2828 669 2883 vindicari.
707 2826 810 2894 Quodsi
831 2828 998 2884 inveniretur
1016 2826 1102 2898 aliqua

312 2904 415 2969 civitas,
430 2904 459 2957 in
473 2918 527 2974 quu
540 2917 617 2955 nemo
626 2910 755 2972 peoeeret,
766 2918 949 2975 supervacuus
958 2908 1031 2955 esset
1039 2901 1103 2954 inter

312 2975 815 3041 innoeentesorator,eieutintersenos
824 2975 953 3032 medicus.
989 2972 1104 3041 Quomo-
