2559 3692
161 422 313 501 (anau.)
357 431 569 480 nostrone.
590 434 670 481 car.
691 434 732 480 aa.
753 434 794 481 aa.
924 430 974 486 aaa

165 542 287 609 ganttun
300 541 404 604 mrtem
418 540 468 587 aut
477 533 586 588 viaoria
598 532 749 607 ampiexus,
769 534 902 591 aattatto.
941 536 976 592 Et

166 627 239 665 cum
257 606 370 664 Cerialis
388 608 500 679 quidem
518 607 626 663 alterius
647 611 809 667 successoris
828 628 919 665 euram
936 608 976 665 fa'·

166 700 304 770 mamque
326 683 474 769 obruisset,
499 683 627 738 sustinuit
645 700 754 771 quoque
772 683 870 741 molam
889 684 975 739 iulius

166 761 330 824 Frontinus,
346 776 390 813 vir
402 772 528 831 magnus,
543 765 677 835 quantuni
687 758 791 825 lacebat,
805 759 976 832 vaiidamqut

168 843 199 889 et
219 846 373 907 pugnacem
390 830 511 887 Silurum
528 840 636 905 gentem
654 835 736 889 armis
751 834 869 907 subegit,
894 851 975 907 super
1070 859 1073 865 ‚

168 911 302 1039 {aptum
312 903 570 986 hoetumpooorum
583 923 691 981 quoque
700 907 867 965 difficultates
878 906 976 965 elucta—

218 1022 275 1113 ,m
295 1056 374 1112 Hune
390 1056 543 1111 Britanniae
558 1063 667 1123 statum,
688 1057 737 1113 has
756 1056 888 1113 bellorum
903 1059 976 1115 vioas

170 1132 264 1189 media
279 1133 334 1187 iam
347 1138 445 1187 aestate
457 1139 643 1205 transgressus
656 1130 779 1206 Agricola
788 1133 900 1198 invenit,
912 1150 985 1189 oum·

169 1217 198 1264 et
207 1206 321 1271 militas,
336 1206 518 1262 volutamissa
527 1205 704 1277 expeditione,
719 1206 753 1262 ad
762 1208 940 1273 saturitatem,
951 1214 977 1263 et

167 1284 268 1340 hostes
277 1280 312 1336 ad
319 1282 484 1337 oocaeionem
492 1279 667 1337 verteientur.
696 1280 859 1339 Ordovicum
870 1283 974 1348 civitas,

150 1356 256 1414 'hauri
266 1354 351 1411 multo
365 1364 426 1411 ante
438 1356 583 1411 adventum
596 1356 666 1421 eius,
680 1356 758 1421 alam,
769 1356 976 1413 intonueras

168 1439 315 1506 agentem,
335 1443 416 1502 prope
434 1431 589 1487 universam
609 1430 765 1487 obtriverat:
796 1444 881 1504 eoque
899 1433 976 1489 initio

169 1514 263 1563 erecta
271 1506 561 1578 provincia,etquibus
570 1504 673 1561 bellum
683 1504 833 1563 volentibus
843 1514 977 1577 eratpro·

168 1584 240 1639 baro
258 1581 422 1653 exemplum,
433 1589 480 1636 aut
488 1582 604 1636 recentis
618 1578 699 1654 legati
712 1582 834 1635 animum
848 1582 974 1652 opperiri.

169 1660 250 1745 Tuus
256 1654 390 1731 Agrioola,
404 1672 571 1729 quamquain
583 1663 713 1711 transacta
727 1663 822 1720 aestas,
833 1656 919 1727 sparsi
929 1670 977 1727 per

169 1734 344 1807 provinciam
363 1732 479 1797 numeri,
499 1738 671 1802 praesumpta
688 1730 760 1801 apud
773 1730 886 1789 militam
901 1728 977 1785 illius
1058 1730 1062 1747 ⁴

170 1808 245 1863 anni·
260 1808 350 1879 quies,
369 1806 443 1861 tarda
462 1814 488 1861 et
508 1807 638 1861 tonnano
656 1804 759 1861 bellurn
770 1792 935 1868 inchoaturo,
947 1812 978 1859 et

168 1884 314 1957 plerisque
326 1880 453 1937 custodiri
461 1887 585 1952 suspecta
593 1882 683 1952 potius
692 1880 841 1945 videbatur,
852 1881 892 1936 ira
900 1879 978 1935 obvi-

129 2018 132 2027 ,
169 1957 383 2015 amdiscrimini
392 1957 496 2012 statuit:
516 1950 710 2029 contractisque
723 1955 859 2029 legionum
869 1952 977 2009 vexiliis

170 2042 199 2089 et
215 2032 322 2095 modica
335 2032 497 2087 auxiliorum
511 2048 604 2097 mauu,
625 2032 691 2104 quia
701 2031 731 2087 in
741 2046 858 2103 aequum
869 2027 988 2101 degredi

169 2107 323 2164 Ordovices
332 2124 385 2162 non
394 2106 535 2178 audebant,
555 2106 615 2177 ipse
623 2115 798 2179 mtaagrnen,
819 2122 875 2177 quo
883 2104 976 2159 ueteris
1038 2159 1041 2168 ,

169 2183 344 2256 paranimus
353 2181 438 2237 simili
446 2180 566 2253 periculo
575 2190 655 2247 esset,
665 2182 749 2245 erexit
757 2181 850 2235 oriem.
881 2178 977 2235 Caesa-

170 2274 230 2331 que
238 2274 323 2329 prope
331 2258 457 2312 univorsa
466 2264 553 2330 gente,
569 2274 622 2311 non
633 2256 753 2329 ignarus,
769 2254 923 2310 instandum
935 2252 977 2309 ia-

171 2350 245 2397 mas,
257 2339 382 2403 supponi
391 2333 478 2403 prima
486 2331 638 2396 oeaesssent,
645 2330 700 2386 sora
709 2331 847 2397 universa3
869 2330 975 2385 Monam

170 2406 305 2474 mulera,
319 2408 424 2462 aouius
432 2406 599 2478 possessione
608 2414 760 2461 revocatum
770 2403 924 2476 Pauliinum
934 2422 977 2475 re·

170 2481 294 2539 belliona
305 2482 387 2537 totius
400 2482 552 2537 Britanniae
560 2498 641 2552 supra
652 2482 807 2547 memoravi,
818 2481 937 2553 redigere
946 2480 977 2535 in

170 2564 333 2629 potestatem
341 2556 561 2612 animointendit.
593 2555 655 2622 Sed,
665 2555 835 2611 utindubiis
845 2552 976 2619 oonsiliis,

172 2649 260 2689 naves
280 2631 401 2687 deerant:
429 2633 500 2687 ratio
516 2641 543 2685 et
560 2632 705 2687 oonstantia
723 2630 800 2685 dunis
817 2629 976 2689 transvexit.

171 2708 310 2779 Depositis
326 2706 453 2763 omnibus
472 2706 594 2773 sarcinis,
614 2706 774 2761 lectissimos
791 2704 976 2769 auxiliarium,

171 2782 279 2856 quibus
292 2789 354 2837 nota
363 2782 431 2837 vada
444 2788 472 2835 et
481 2781 583 2855 patrius
597 2780 679 2836 nandi
689 2798 766 2847 usus,
776 2798 831 2852 quo
841 2777 923 2834 simtu
934 2794 977 2832 se-

172 2875 229 2931 que
239 2865 266 2912 et
276 2874 350 2911 arma
359 2864 385 2911 et
394 2873 477 2929 equos
487 2863 593 2927 regunt,
604 2856 641 2911 ita
650 2863 757 2927 repente
766 2854 878 2919 inmisit,
890 2861 919 2907 ut
928 2852 977 2907 ob-

173 2931 318 3006 stupefacti
327 2932 425 2999 hostas,
436 2928 616 3005 quietorum,
627 2930 679 3004 qui
688 2938 780 2995 naves,
790 2930 838 3001 qui
847 2944 921 2983 mara
929 2942 977 2981 ex·
1048 2985 1057 2993 ,,
