<?xml version="1.0" encoding="UTF-8"?>
<!DOCTYPE html PUBLIC "-//W3C//DTD XHTML 1.0 Transitional//EN"
    "http://www.w3.org/TR/xhtml1/DTD/xhtml1-transitional.dtd">
<html xmlns="http://www.w3.org/1999/xhtml" xml:lang="en" lang="en">
 <head>
  <title>
</title>
<meta http-equiv="Content-Type" content="text/html;charset=utf-8" />
  <meta name='ocr-system' content='tesseract 3.04.00' />
  <meta name='ocr-capabilities' content='ocr_page ocr_carea ocr_par ocr_line ocrx_word'/>
</head>
<body>
  <div class='ocr_page' id='page_1' title='image "./operaquoadextan01tacigoog_0126.png"; bbox 0 0 2559 3692; ppageno 0'>
   <div class='ocr_carea' id='block_1_1' title="bbox 295 429 1094 505">
    <p class='ocr_par' dir='ltr' id='par_1_1' title="bbox 295 429 1094 505">
     <span class='ocr_line' id='line_1_1' title="bbox 295 429 1094 505; baseline -0.003 -18"><span class='ocrx_word' id='word_1_1' title='bbox 295 434 343 489; x_wconf 78' lang='lat' dir='ltr'><strong>tat</strong></span> <span class='ocrx_word' id='word_1_2' title='bbox 533 438 859 487; x_wconf 78' lang='lat' dir='ltr'><strong>ursrouraarru</strong></span> <span class='ocrx_word' id='word_1_3' title='bbox 956 429 1094 505; x_wconf 68' lang='grc' dir='ltr'>(ιιιιι.</span> 
     </span>
    </p>
   </div>
   <div class='ocr_carea' id='block_1_2' title="bbox 237 537 1111 3015">
    <p class='ocr_par' dir='ltr' id='par_1_2' title="bbox 293 537 1100 985">
     <span class='ocr_line' id='line_1_2' title="bbox 293 537 1097 613; baseline 0.002 -18"><span class='ocrx_word' id='word_1_4' title='bbox 293 537 645 613; x_wconf 83' lang='lat' dir='ltr'><strong>retinendi,quaellitellius</strong></span> <span class='ocrx_word' id='word_1_5' title='bbox 653 538 820 605; x_wconf 68' lang='lat' dir='ltr'><strong>indulsisset,</strong></span> <span class='ocrx_word' id='word_1_6' title='bbox 831 556 889 611; x_wconf 82' lang='lat' dir='ltr'><strong>spe.</strong></span> <span class='ocrx_word' id='word_1_7' title='bbox 904 538 996 613; x_wconf 76' lang='lat' dir='ltr'><strong>Atque</strong></span> <span class='ocrx_word' id='word_1_8' title='bbox 1003 541 1097 613; x_wconf 90' lang='lat' dir='ltr'><strong>ipsum</strong></span> 
     </span>
     <span class='ocr_line' id='line_1_3' title="bbox 294 614 1097 673; baseline 0.001 -2"><span class='ocrx_word' id='word_1_9' title='bbox 294 614 435 671; x_wconf 78' lang='lat' dir='ltr'><strong>Caecinam</strong></span> <span class='ocrx_word' id='word_1_10' title='bbox 455 632 508 671; x_wconf 88' lang='lat' dir='ltr'><strong>non</strong></span> <span class='ocrx_word' id='word_1_11' title='bbox 527 614 641 671; x_wconf 79' lang='lat' dir='ltr'><strong>obscum</strong></span> <span class='ocrx_word' id='word_1_12' title='bbox 659 614 694 669; x_wconf 90' lang='lat' dir='ltr'><strong>ad</strong></span> <span class='ocrx_word' id='word_1_13' title='bbox 712 615 897 671; x_wconf 77' lang='lat' dir='ltr'><strong>transitionem</strong></span> <span class='ocrx_word' id='word_1_14' title='bbox 910 614 1097 673; x_wconf 79' lang='lat' dir='ltr'><strong>hortabantur.</strong></span> 
     </span>
     <span class='ocr_line' id='line_1_4' title="bbox 293 689 1099 761; baseline 0.004 -16"><span class='ocrx_word' id='word_1_15' title='bbox 293 690 424 745; x_wconf 86' lang='lat' dir='ltr'><strong>Recitatae</strong></span> <span class='ocrx_word' id='word_1_16' title='bbox 446 707 495 761; x_wconf 93' lang='lat' dir='ltr'><strong>pro</strong></span> <span class='ocrx_word' id='word_1_17' title='bbox 518 689 644 747; x_wconf 84' lang='lat' dir='ltr'><strong>macione</strong></span> <span class='ocrx_word' id='word_1_18' title='bbox 666 689 793 761; x_wconf 87' lang='lat' dir='ltr'><strong>epistolae</strong></span> <span class='ocrx_word' id='word_1_19' title='bbox 812 689 939 745; x_wconf 89' lang='lat' dir='ltr'><strong>addidero</strong></span> <span class='ocrx_word' id='word_1_20' title='bbox 955 690 1099 754; x_wconf 78' lang='lat' dir='ltr'><strong>fiduciam,</strong></span> 
     </span>
     <span class='ocr_line' id='line_1_5' title="bbox 294 764 1100 853; baseline 0 -32"><span class='ocrx_word' id='word_1_21' title='bbox 294 765 367 853; x_wconf 89' lang='lat' dir='ltr'><strong>quod</strong></span> <span class='ocrx_word' id='word_1_22' title='bbox 381 764 516 821; x_wconf 76' lang='lat' dir='ltr'><strong>submisse</strong></span> <span class='ocrx_word' id='word_1_23' title='bbox 529 764 652 831; x_wconf 86' lang='lat' dir='ltr'><strong>Caecina</strong></span> <span class='ocrx_word' id='word_1_24' title='bbox 666 764 746 821; x_wconf 81' lang='lat' dir='ltr'><strong>volut</strong></span> <span class='ocrx_word' id='word_1_25' title='bbox 758 764 891 821; x_wconf 75' lang='lat' dir='ltr'><strong>offendero</strong></span> <span class='ocrx_word' id='word_1_26' title='bbox 898 765 1100 837; x_wconf 80' lang='lat' dir='ltr'><strong>Vespasianum</strong></span> 
     </span>
     <span class='ocr_line' id='line_1_6' title="bbox 293 839 1100 912; baseline 0 -17"><span class='ocrx_word' id='word_1_27' title='bbox 293 840 401 905; x_wconf 81' lang='lat' dir='ltr'><strong>timens,</strong></span> <span class='ocrx_word' id='word_1_28' title='bbox 418 841 538 911; x_wconf 87' lang='lat' dir='ltr'><strong>ipsorum</strong></span> <span class='ocrx_word' id='word_1_29' title='bbox 552 839 635 895; x_wconf 86' lang='lat' dir='ltr'><strong>duces</strong></span> <span class='ocrx_word' id='word_1_30' title='bbox 648 840 835 912; x_wconf 80' lang='lat' dir='ltr'><strong>contemptim,</strong></span> <span class='ocrx_word' id='word_1_31' title='bbox 856 849 995 912; x_wconf 68' lang='lat' dir='ltr'><strong>amquam</strong></span> <span class='ocrx_word' id='word_1_32' title='bbox 1008 841 1100 897; x_wconf 89' lang='lat' dir='ltr'><strong>insul-</strong></span> 
     </span>
     <span class='ocr_line' id='line_1_7' title="bbox 293 914 697 985; baseline 0 -14"><span class='ocrx_word' id='word_1_33' title='bbox 293 924 378 971; x_wconf 82' lang='lat' dir='ltr'><strong>tantes</strong></span> <span class='ocrx_word' id='word_1_34' title='bbox 388 914 503 979; x_wconf 87' lang='lat' dir='ltr'><strong>Vitellio,</strong></span> <span class='ocrx_word' id='word_1_35' title='bbox 516 915 697 985; x_wconf 73' lang='lat' dir='ltr'><strong>scripsissent</strong></span> 
     </span>
    </p>

    <p class='ocr_par' dir='ltr' id='par_1_3' title="bbox 237 970 1111 3015">
     <span class='ocr_line' id='line_1_8' title="bbox 350 970 1100 1077; baseline 0 -32"><span class='ocrx_word' id='word_1_36' title='bbox 350 992 391 1045; x_wconf 83' lang='lat' dir='ltr'><strong>to.</strong></span> <span class='ocrx_word' id='word_1_37' title='bbox 412 988 536 1044; x_wconf 80' lang='lat' dir='ltr'><strong>Adventu</strong></span> <span class='ocrx_word' id='word_1_38' title='bbox 555 989 652 1045; x_wconf 90' lang='lat' dir='ltr'><strong>deinde</strong></span> <span class='ocrx_word' id='word_1_39' title='bbox 669 989 785 1045; x_wconf 83' lang='lat' dir='ltr'><strong>duarum</strong></span> <span class='ocrx_word' id='word_1_40' title='bbox 800 987 950 1077; x_wconf 79' lang='lat' dir='ltr'><strong>legionum,</strong></span> <span class='ocrx_word' id='word_1_41' title='bbox 964 970 1100 1061; x_wconf 82' lang='lat' dir='ltr'><strong>equibus</strong></span> 
     </span>
     <span class='ocr_line' id='line_1_9' title="bbox 293 1064 1100 1137; baseline -0.002 -16"><span class='ocrx_word' id='word_1_42' title='bbox 293 1066 398 1121; x_wconf 79' lang='lat' dir='ltr'><strong>tertiam</strong></span> <span class='ocrx_word' id='word_1_43' title='bbox 411 1064 508 1119; x_wconf 87' lang='lat' dir='ltr'><strong>Dillius</strong></span> <span class='ocrx_word' id='word_1_44' title='bbox 523 1064 695 1135; x_wconf 81' lang='lat' dir='ltr'><strong>Aponianus,</strong></span> <span class='ocrx_word' id='word_1_45' title='bbox 709 1072 830 1121; x_wconf 83' lang='lat' dir='ltr'><strong>octavam</strong></span> <span class='ocrx_word' id='word_1_46' title='bbox 843 1064 988 1119; x_wconf 82' lang='lat' dir='ltr'><strong>Numisius</strong></span> <span class='ocrx_word' id='word_1_47' title='bbox 1002 1065 1100 1137; x_wconf 85' lang='lat' dir='ltr'><strong>Lupus</strong></span> 
     </span>
     <span class='ocr_line' id='line_1_10' title="bbox 294 1138 1100 1205; baseline 0 -10"><span class='ocrx_word' id='word_1_48' title='bbox 294 1139 434 1205; x_wconf 85' lang='lat' dir='ltr'><strong>ducebant,</strong></span> <span class='ocrx_word' id='word_1_49' title='bbox 454 1148 585 1197; x_wconf 88' lang='lat' dir='ltr'><strong>ostentare</strong></span> <span class='ocrx_word' id='word_1_50' title='bbox 604 1140 686 1201; x_wconf 86' lang='lat' dir='ltr'><strong>vires</strong></span> <span class='ocrx_word' id='word_1_51' title='bbox 705 1147 733 1194; x_wconf 90' lang='lat' dir='ltr'><strong>et</strong></span> <span class='ocrx_word' id='word_1_52' title='bbox 749 1139 860 1195; x_wconf 88' lang='lat' dir='ltr'><strong>militari</strong></span> <span class='ocrx_word' id='word_1_53' title='bbox 878 1138 949 1195; x_wconf 84' lang='lat' dir='ltr'><strong>vallo</strong></span> <span class='ocrx_word' id='word_1_54' title='bbox 962 1139 1100 1195; x_wconf 82' lang='lat' dir='ltr'><strong>Veronam</strong></span> 
     </span>
     <span class='ocr_line' id='line_1_11' title="bbox 295 1212 1111 1303; baseline 0.002 -34"><span class='ocrx_word' id='word_1_55' title='bbox 295 1213 459 1269; x_wconf 82' lang='lat' dir='ltr'><strong>circumdare</strong></span> <span class='ocrx_word' id='word_1_56' title='bbox 468 1214 577 1286; x_wconf 83' lang='lat' dir='ltr'><strong>placuit</strong></span> <span class='ocrx_word' id='word_1_57' title='bbox 613 1214 692 1269; x_wconf 87' lang='lat' dir='ltr'><strong>Forte</strong></span> <span class='ocrx_word' id='word_1_58' title='bbox 700 1214 846 1270; x_wconf 85' lang='lat' dir='ltr'><strong>Galbianae</strong></span> <span class='ocrx_word' id='word_1_59' title='bbox 833 1212 1111 1303; x_wconf 64' lang='lat' dir='ltr'><strong>legromrnadver·⁸</strong></span> 
     </span>
     <span class='ocr_line' id='line_1_12' title="bbox 294 1287 1100 1361; baseline 0.004 -18"><span class='ocrx_word' id='word_1_60' title='bbox 294 1306 325 1343; x_wconf 85' lang='lat' dir='ltr'><strong>sa</strong></span> <span class='ocrx_word' id='word_1_61' title='bbox 344 1287 429 1345; x_wconf 82' lang='lat' dir='ltr'><strong>fronte</strong></span> <span class='ocrx_word' id='word_1_62' title='bbox 448 1288 512 1345; x_wconf 87' lang='lat' dir='ltr'><strong>valli</strong></span> <span class='ocrx_word' id='word_1_63' title='bbox 529 1306 598 1361; x_wconf 91' lang='lat' dir='ltr'><strong>opus</strong></span> <span class='ocrx_word' id='word_1_64' title='bbox 611 1298 735 1355; x_wconf 84' lang='lat' dir='ltr'><strong>cesserat,</strong></span> <span class='ocrx_word' id='word_1_65' title='bbox 750 1298 777 1345; x_wconf 86' lang='lat' dir='ltr'><strong>et</strong></span> <span class='ocrx_word' id='word_1_66' title='bbox 790 1290 843 1345; x_wconf 84' lang='lat' dir='ltr'><strong>visi</strong></span> <span class='ocrx_word' id='word_1_67' title='bbox 855 1288 948 1360; x_wconf 74' lang='lat' dir='ltr'><strong>prwul</strong></span> <span class='ocrx_word' id='word_1_68' title='bbox 960 1290 1100 1346; x_wconf 85' lang='lat' dir='ltr'><strong>sociorum</strong></span> 
     </span>
     <span class='ocr_line' id='line_1_13' title="bbox 294 1363 1101 1437; baseline 0.004 -20"><span class='ocrx_word' id='word_1_69' title='bbox 294 1364 408 1435; x_wconf 82' lang='lat' dir='ltr'><strong>equites,</strong></span> <span class='ocrx_word' id='word_1_70' title='bbox 422 1363 715 1430; x_wconf 81' lang='lat' dir='ltr'><strong>vanamlormidinem‚</strong></span> <span class='ocrx_word' id='word_1_71' title='bbox 731 1363 869 1429; x_wconf 72' lang='lat' dir='ltr'><strong>athanatos,</strong></span> <span class='ocrx_word' id='word_1_72' title='bbox 879 1363 975 1420; x_wconf 79' lang='lat' dir='ltr'><strong>fecere.</strong></span> <span class='ocrx_word' id='word_1_73' title='bbox 1014 1365 1101 1437; x_wconf 86' lang='lat' dir='ltr'><strong>Rapi-</strong></span> 
     </span>
     <span class='ocr_line' id='line_1_14' title="bbox 294 1406 1100 1511; baseline 0.005 -18"><span class='ocrx_word' id='word_1_74' title='bbox 294 1446 377 1493; x_wconf 88' lang='lat' dir='ltr'><strong>untur</strong></span> <span class='ocrx_word' id='word_1_75' title='bbox 390 1456 474 1506; x_wconf 83' lang='lat' dir='ltr'><strong>arma,</strong></span> <span class='ocrx_word' id='word_1_76' title='bbox 494 1447 528 1505; x_wconf 85' lang='lat' dir='ltr'><strong>et,</strong></span> <span class='ocrx_word' id='word_1_77' title='bbox 543 1448 574 1495; x_wconf 90' lang='lat' dir='ltr'><strong>ut</strong></span> <span class='ocrx_word' id='word_1_78' title='bbox 585 1438 780 1511; x_wconf 83' lang='lat' dir='ltr'><strong>proditionis</strong></span> <span class='ocrx_word' id='word_1_79' title='bbox 771 1457 812 1495; x_wconf 88' lang='lat' dir='ltr'><strong>rra</strong></span> <span class='ocrx_word' id='word_1_80' title='bbox 821 1406 1019 1496; x_wconf 82' lang='lat' dir='ltr'><strong>miiitumin&#39;l.</strong></span> <span class='ocrx_word' id='word_1_81' title='bbox 1030 1439 1100 1497; x_wconf 76' lang='lat' dir='ltr'><strong>Am-</strong></span> 
     </span>
     <span class='ocr_line' id='line_1_15' title="bbox 293 1482 1098 1588; baseline 0.003 -19"><span class='ocrx_word' id='word_1_82' title='bbox 293 1514 372 1585; x_wconf 89' lang='lat' dir='ltr'><strong>pium</strong></span> <span class='ocrx_word' id='word_1_83' title='bbox 385 1482 544 1569; x_wconf 74' lang='lat' dir='ltr'><strong>Flavianum</strong></span> <span class='ocrx_word' id='word_1_84' title='bbox 558 1514 691 1579; x_wconf 85' lang='lat' dir='ltr'><strong>incubuit</strong></span> <span class='ocrx_word' id='word_1_85' title='bbox 707 1513 782 1573; x_wconf 89' lang='lat' dir='ltr'><strong>nullo</strong></span> <span class='ocrx_word' id='word_1_86' title='bbox 791 1515 913 1571; x_wconf 88' lang='lat' dir='ltr'><strong>criminis</strong></span> <span class='ocrx_word' id='word_1_87' title='bbox 921 1524 1098 1588; x_wconf 77' lang='lat' dir='ltr'><strong>argomento3</strong></span> 
     </span>
     <span class='ocr_line' id='line_1_16' title="bbox 294 1586 1099 1662; baseline 0.002 -19"><span class='ocrx_word' id='word_1_88' title='bbox 294 1586 426 1653; x_wconf 74' lang='lat' dir='ltr'><strong>sed-iam</strong></span> <span class='ocrx_word' id='word_1_89' title='bbox 438 1589 671 1662; x_wconf 84' lang='lat' dir='ltr'><strong>pridemruvisus,</strong></span> <span class='ocrx_word' id='word_1_90' title='bbox 692 1589 800 1647; x_wconf 84' lang='lat' dir='ltr'><strong>turbine</strong></span> <span class='ocrx_word' id='word_1_91' title='bbox 810 1590 928 1662; x_wconf 87' lang='lat' dir='ltr'><strong>quodam</strong></span> <span class='ocrx_word' id='word_1_92' title='bbox 937 1590 1099 1646; x_wconf 76' lang='lat' dir='ltr'><strong>edentium</strong></span> 
     </span>
     <span class='ocr_line' id='line_1_17' title="bbox 294 1630 1098 1735; baseline 0.004 -17"><span class='ocrx_word' id='word_1_93' title='bbox 294 1630 464 1735; x_wconf 79' lang='lat' dir='ltr'><strong>posbebatur:</strong></span> <span class='ocrx_word' id='word_1_94' title='bbox 487 1669 664 1735; x_wconf 79' lang='lat' dir='ltr'><strong>propinquam</strong></span> <span class='ocrx_word' id='word_1_95' title='bbox 681 1665 778 1720; x_wconf 80' lang='lat' dir='ltr'><strong>Vitellii</strong></span> <span class='ocrx_word' id='word_1_96' title='bbox 781 1669 964 1734; x_wconf 78' lang='lat' dir='ltr'><strong>,proditorem</strong></span> <span class='ocrx_word' id='word_1_97' title='bbox 977 1665 1098 1729; x_wconf 69' lang='lat' dir='ltr'><strong>Othonis,</strong></span> 
     </span>
     <span class='ocr_line' id='line_1_18' title="bbox 237 1738 1099 1809; baseline 0 -14"><span class='ocrx_word' id='word_1_98' title='bbox 237 1804 239 1809; x_wconf 23' lang='lat'><strong>¹</strong></span> <span class='ocrx_word' id='word_1_99' title='bbox 294 1744 490 1809; x_wconf 65' lang='lat' dir='ltr'><strong>interceptorem</strong></span> <span class='ocrx_word' id='word_1_100' title='bbox 498 1739 804 1797; x_wconf 82' lang='lat' dir='ltr'><strong>donatioiclamitebnnt</strong></span> <span class='ocrx_word' id='word_1_101' title='bbox 834 1738 1099 1795; x_wconf 81' lang='lat' dir='ltr'><strong>Neodelensionilo-</strong></span> 
     </span>
     <span class='ocr_line' id='line_1_19' title="bbox 294 1813 1100 1888; baseline 0 -19"><span class='ocrx_word' id='word_1_102' title='bbox 294 1832 353 1880; x_wconf 84' lang='lat' dir='ltr'><strong>cus,</strong></span> <span class='ocrx_word' id='word_1_103' title='bbox 369 1832 536 1888; x_wconf 84' lang='lat' dir='ltr'><strong>quemquam</strong></span> <span class='ocrx_word' id='word_1_104' title='bbox 549 1815 686 1887; x_wconf 87' lang='lat' dir='ltr'><strong>supplices</strong></span> <span class='ocrx_word' id='word_1_105' title='bbox 699 1831 798 1873; x_wconf 86' lang='lat' dir='ltr'><strong>manua</strong></span> <span class='ocrx_word' id='word_1_106' title='bbox 806 1814 936 1879; x_wconf 72' lang='lat' dir='ltr'><strong>tandeim,</strong></span> <span class='ocrx_word' id='word_1_107' title='bbox 950 1814 1029 1869; x_wconf 86' lang='lat' dir='ltr'><strong>humi</strong></span> <span class='ocrx_word' id='word_1_108' title='bbox 1040 1813 1100 1886; x_wconf 90' lang='lat' dir='ltr'><strong>plo-</strong></span> 
     </span>
     <span class='ocr_line' id='line_1_20' title="bbox 294 1889 1098 1963; baseline 0 -20"><span class='ocrx_word' id='word_1_109' title='bbox 294 1908 411 1963; x_wconf 88' lang='lat' dir='ltr'><strong>rumque</strong></span> <span class='ocrx_word' id='word_1_110' title='bbox 420 1899 528 1957; x_wconf 86' lang='lat' dir='ltr'><strong>stratus</strong></span> <span class='ocrx_word' id='word_1_111' title='bbox 540 1890 624 1945; x_wconf 81' lang='lat' dir='ltr'><strong>lacera</strong></span> <span class='ocrx_word' id='word_1_112' title='bbox 634 1899 717 1954; x_wconf 84' lang='lat' dir='ltr'><strong>veste</strong></span> <span class='ocrx_word' id='word_1_113' title='bbox 728 1899 821 1961; x_wconf 84' lang='lat' dir='ltr'><strong>pectus</strong></span> <span class='ocrx_word' id='word_1_114' title='bbox 829 1899 910 1962; x_wconf 87' lang='lat' dir='ltr'><strong>atque</strong></span> <span class='ocrx_word' id='word_1_115' title='bbox 918 1889 1098 1963; x_wconf 79' lang='lat' dir='ltr'><strong>orasingultu</strong></span> 
     </span>
     <span class='ocr_line' id='line_1_21' title="bbox 294 1963 1097 2037; baseline -0.001 -17"><span class='ocrx_word' id='word_1_116' title='bbox 294 1966 428 2037; x_wconf 88' lang='lat' dir='ltr'><strong>quatiens.</strong></span> <span class='ocrx_word' id='word_1_117' title='bbox 467 1964 514 2020; x_wconf 90' lang='lat' dir='ltr'><strong>ld</strong></span> <span class='ocrx_word' id='word_1_118' title='bbox 506 1982 597 2036; x_wconf 85' lang='lat' dir='ltr'><strong>ipsum</strong></span> <span class='ocrx_word' id='word_1_119' title='bbox 607 1963 680 2035; x_wconf 88' lang='lat' dir='ltr'><strong>apud</strong></span> <span class='ocrx_word' id='word_1_120' title='bbox 689 1963 824 2020; x_wconf 81' lang='lat' dir='ltr'><strong>infensos</strong></span> <span class='ocrx_word' id='word_1_121' title='bbox 816 1966 1019 2022; x_wconf 79' lang='lat' dir='ltr'><strong>incitamentum</strong></span> <span class='ocrx_word' id='word_1_122' title='bbox 1029 1972 1097 2030; x_wconf 88' lang='lat' dir='ltr'><strong>erat,</strong></span> 
     </span>
     <span class='ocr_line' id='line_1_22' title="bbox 293 2038 1099 2114; baseline 0.001 -20"><span class='ocrx_word' id='word_1_123' title='bbox 293 2048 432 2111; x_wconf 86' lang='lat' dir='ltr'><strong>tamquam</strong></span> <span class='ocrx_word' id='word_1_124' title='bbox 450 2040 553 2093; x_wconf 88' lang='lat' dir='ltr'><strong>nimius</strong></span> <span class='ocrx_word' id='word_1_125' title='bbox 567 2056 651 2109; x_wconf 89' lang='lat' dir='ltr'><strong>pavor</strong></span> <span class='ocrx_word' id='word_1_126' title='bbox 664 2040 861 2095; x_wconf 84' lang='lat' dir='ltr'><strong>conscientiam</strong></span> <span class='ocrx_word' id='word_1_127' title='bbox 868 2048 1001 2114; x_wconf 78' lang='lat' dir='ltr'><strong>argueret.</strong></span> <span class='ocrx_word' id='word_1_128' title='bbox 1040 2038 1099 2095; x_wconf 87' lang='lat' dir='ltr'><strong>Ob-</strong></span> 
     </span>
     <span class='ocr_line' id='line_1_23' title="bbox 294 2105 1099 2187; baseline 0.002 -18"><span class='ocrx_word' id='word_1_129' title='bbox 294 2114 450 2169; x_wconf 87' lang='lat' dir='ltr'><strong>turbabatur</strong></span> <span class='ocrx_word' id='word_1_130' title='bbox 464 2112 582 2168; x_wconf 89' lang='lat' dir='ltr'><strong>militum</strong></span> <span class='ocrx_word' id='word_1_131' title='bbox 598 2105 709 2169; x_wconf 87' lang='lat' dir='ltr'><strong>vocibus</strong></span> <span class='ocrx_word' id='word_1_132' title='bbox 721 2112 854 2185; x_wconf 76' lang='lat' dir='ltr'><strong>Aponius,</strong></span> <span class='ocrx_word' id='word_1_133' title='bbox 868 2130 933 2171; x_wconf 89' lang='lat' dir='ltr'><strong>oum</strong></span> <span class='ocrx_word' id='word_1_134' title='bbox 945 2114 1020 2187; x_wconf 91' lang='lat' dir='ltr'><strong>loqui</strong></span> <span class='ocrx_word' id='word_1_135' title='bbox 1035 2132 1099 2171; x_wconf 89' lang='lat' dir='ltr'><strong>eoe-</strong></span> 
     </span>
     <span class='ocr_line' id='line_1_24' title="bbox 293 2186 1098 2261; baseline 0.004 -18"><span class='ocrx_word' id='word_1_136' title='bbox 293 2196 391 2261; x_wconf 80' lang='lat' dir='ltr'><strong>piaret:</strong></span> <span class='ocrx_word' id='word_1_137' title='bbox 422 2188 530 2243; x_wconf 84' lang='lat' dir='ltr'><strong>fremitu</strong></span> <span class='ocrx_word' id='word_1_138' title='bbox 549 2196 575 2243; x_wconf 82' lang='grc' dir='ltr'><strong>ιι</strong></span> <span class='ocrx_word' id='word_1_139' title='bbox 588 2186 704 2244; x_wconf 84' lang='lat' dir='ltr'><strong>clamore</strong></span> <span class='ocrx_word' id='word_1_140' title='bbox 716 2196 816 2245; x_wconf 70' lang='lat' dir='ltr'><strong>cetmos</strong></span> <span class='ocrx_word' id='word_1_141' title='bbox 829 2198 1020 2261; x_wconf 79' lang='lat' dir='ltr'><strong>espemantur:</strong></span> <span class='ocrx_word' id='word_1_142' title='bbox 1046 2191 1098 2246; x_wconf 92' lang='lat' dir='ltr'><strong>uni</strong></span> 
     </span>
     <span class='ocr_line' id='line_1_25' title="bbox 293 2262 1097 2337; baseline 0 -18"><span class='ocrx_word' id='word_1_143' title='bbox 293 2262 408 2319; x_wconf 77' lang='lat' dir='ltr'><strong>Antonio</strong></span> <span class='ocrx_word' id='word_1_144' title='bbox 425 2270 529 2334; x_wconf 80' lang='lat' dir='ltr'><strong>apertae</strong></span> <span class='ocrx_word' id='word_1_145' title='bbox 543 2262 662 2319; x_wconf 91' lang='lat' dir='ltr'><strong>militum</strong></span> <span class='ocrx_word' id='word_1_146' title='bbox 675 2280 764 2320; x_wconf 86' lang='lat' dir='ltr'><strong>aures.</strong></span> <span class='ocrx_word' id='word_1_147' title='bbox 802 2266 926 2337; x_wconf 84' lang='lat' dir='ltr'><strong>Namque</strong></span> <span class='ocrx_word' id='word_1_148' title='bbox 934 2272 962 2319; x_wconf 89' lang='lat' dir='ltr'><strong>et</strong></span> <span class='ocrx_word' id='word_1_149' title='bbox 970 2263 1097 2320; x_wconf 77' lang='lat' dir='ltr'><strong>tomandus</strong></span> 
     </span>
     <span class='ocr_line' id='line_1_26' title="bbox 294 2336 1098 2413; baseline 0 -20"><span class='ocrx_word' id='word_1_150' title='bbox 294 2337 392 2403; x_wconf 83' lang='lat' dir='ltr'><strong>ederat,</strong></span> <span class='ocrx_word' id='word_1_151' title='bbox 408 2336 598 2410; x_wconf 84' lang='lat' dir='ltr'><strong>mulcendique</strong></span> <span class='ocrx_word' id='word_1_152' title='bbox 608 2337 723 2413; x_wconf 83' lang='lat' dir='ltr'><strong>vulgum</strong></span> <span class='ocrx_word' id='word_1_153' title='bbox 735 2346 841 2395; x_wconf 84' lang='lat' dir='ltr'><strong>artaret</strong></span> <span class='ocrx_word' id='word_1_154' title='bbox 851 2339 1004 2395; x_wconf 77' lang='lat' dir='ltr'><strong>auctoritas</strong></span> <span class='ocrx_word' id='word_1_155' title='bbox 1044 2339 1098 2395; x_wconf 88' lang='lat' dir='ltr'><strong>Ubi</strong></span> 
     </span>
     <span class='ocr_line' id='line_1_27' title="bbox 294 2379 1098 2485; baseline 0.002 -18"><span class='ocrx_word' id='word_1_156' title='bbox 294 2379 449 2468; x_wconf 70' lang='lat' dir='ltr'><strong>crudescere</strong></span> <span class='ocrx_word' id='word_1_157' title='bbox 466 2412 569 2480; x_wconf 86' lang='lat' dir='ltr'><strong>seditio</strong></span> <span class='ocrx_word' id='word_1_158' title='bbox 589 2422 643 2469; x_wconf 86' lang='lat' dir='ltr'><strong>eta</strong></span> <span class='ocrx_word' id='word_1_159' title='bbox 658 2414 786 2474; x_wconf 81' lang='lat' dir='ltr'><strong>conviciis</strong></span> <span class='ocrx_word' id='word_1_160' title='bbox 798 2423 825 2470; x_wconf 86' lang='lat' dir='ltr'><strong>et</strong></span> <span class='ocrx_word' id='word_1_161' title='bbox 835 2414 942 2485; x_wconf 85' lang='lat' dir='ltr'><strong>probris</strong></span> <span class='ocrx_word' id='word_1_162' title='bbox 954 2413 989 2470; x_wconf 88' lang='lat' dir='ltr'><strong>ad</strong></span> <span class='ocrx_word' id='word_1_163' title='bbox 1003 2412 1056 2470; x_wconf 82' lang='lat' dir='ltr'><strong>tela</strong></span> <span class='ocrx_word' id='word_1_164' title='bbox 1070 2421 1098 2469; x_wconf 87' lang='lat' dir='ltr'><strong>et</strong></span> 
     </span>
     <span class='ocr_line' id='line_1_28' title="bbox 294 2487 1098 2555; baseline 0.001 -12"><span class='ocrx_word' id='word_1_165' title='bbox 294 2504 391 2545; x_wconf 89' lang='lat' dir='ltr'><strong>manus</strong></span> <span class='ocrx_word' id='word_1_166' title='bbox 402 2487 577 2555; x_wconf 75' lang='lat' dir='ltr'><strong>bursibant,</strong></span> <span class='ocrx_word' id='word_1_167' title='bbox 569 2490 646 2545; x_wconf 82' lang='lat' dir='ltr'><strong>iniici</strong></span> <span class='ocrx_word' id='word_1_168' title='bbox 655 2498 760 2547; x_wconf 81' lang='lat' dir='ltr'><strong>catenas</strong></span> <span class='ocrx_word' id='word_1_169' title='bbox 769 2489 990 2547; x_wconf 81' lang='lat' dir='ltr'><strong>Flavianoiubet.</strong></span> <span class='ocrx_word' id='word_1_170' title='bbox 1005 2488 1098 2547; x_wconf 84' lang='lat' dir='ltr'><strong>Sensit</strong></span> 
     </span>
     <span class='ocr_line' id='line_1_29' title="bbox 295 2562 1095 2637; baseline 0.004 -20"><span class='ocrx_word' id='word_1_171' title='bbox 295 2562 444 2619; x_wconf 86' lang='lat' dir='ltr'><strong>ludibrium</strong></span> <span class='ocrx_word' id='word_1_172' title='bbox 459 2562 1095 2637; x_wconf 83' lang='lat' dir='ltr'><strong>mllss‚disiectisque,qmtr1bunaltuebantur</strong></span> 
     </span>
     <span class='ocr_line' id='line_1_30' title="bbox 294 2638 1095 2711; baseline 0.004 -19"><span class='ocrx_word' id='word_1_173' title='bbox 294 2646 410 2693; x_wconf 72' lang='lat' dir='ltr'><strong>exuema</strong></span> <span class='ocrx_word' id='word_1_174' title='bbox 430 2638 473 2693; x_wconf 80' lang='lat' dir='ltr'><strong>vie</strong></span> <span class='ocrx_word' id='word_1_175' title='bbox 496 2638 648 2710; x_wconf 76' lang='lat' dir='ltr'><strong>pmabaurr.</strong></span> <span class='ocrx_word' id='word_1_176' title='bbox 687 2638 820 2711; x_wconf 88' lang='lat' dir='ltr'><strong>Opposuit</strong></span> <span class='ocrx_word' id='word_1_177' title='bbox 837 2641 930 2697; x_wconf 82' lang='lat' dir='ltr'><strong>sinum</strong></span> <span class='ocrx_word' id='word_1_178' title='bbox 947 2638 1095 2705; x_wconf 76' lang='lat' dir='ltr'><strong>Antonius,</strong></span> 
     </span>
     <span class='ocr_line' id='line_1_31' title="bbox 294 2712 1098 2780; baseline 0 -11"><span class='ocrx_word' id='word_1_179' title='bbox 294 2714 385 2769; x_wconf 85' lang='lat' dir='ltr'><strong>stricto</strong></span> <span class='ocrx_word' id='word_1_180' title='bbox 398 2712 476 2779; x_wconf 75' lang='lat' dir='ltr'><strong>ferro.</strong></span> <span class='ocrx_word' id='word_1_181' title='bbox 490 2723 539 2769; x_wconf 83' lang='lat' dir='ltr'><strong>cot</strong></span> <span class='ocrx_word' id='word_1_182' title='bbox 551 2716 665 2771; x_wconf 77' lang='lat' dir='ltr'><strong>militum</strong></span> <span class='ocrx_word' id='word_1_183' title='bbox 676 2731 703 2769; x_wconf 84' lang='lat' dir='ltr'><strong>re</strong></span> <span class='ocrx_word' id='word_1_184' title='bbox 714 2719 842 2780; x_wconf 74' lang='lat' dir='ltr'><strong>mettas,</strong></span> <span class='ocrx_word' id='word_1_185' title='bbox 853 2724 901 2771; x_wconf 86' lang='lat' dir='ltr'><strong>aot</strong></span> <span class='ocrx_word' id='word_1_186' title='bbox 908 2719 973 2778; x_wconf 82' lang='lat' dir='ltr'><strong>ruis,</strong></span> <span class='ocrx_word' id='word_1_187' title='bbox 983 2720 1098 2771; x_wconf 81' lang='lat' dir='ltr'><strong>morito-</strong></span> 
     </span>
     <span class='ocr_line' id='line_1_32' title="bbox 293 2788 1097 2861; baseline 0 -16"><span class='ocrx_word' id='word_1_188' title='bbox 293 2806 353 2845; x_wconf 78' lang='lat' dir='ltr'><strong>rum</strong></span> <span class='ocrx_word' id='word_1_189' title='bbox 362 2788 510 2851; x_wconf 80' lang='lat' dir='ltr'><strong>obtestans:</strong></span> <span class='ocrx_word' id='word_1_190' title='bbox 531 2796 562 2844; x_wconf 93' lang='lat' dir='ltr'><strong>ut</strong></span> <span class='ocrx_word' id='word_1_191' title='bbox 579 2802 717 2861; x_wconf 85' lang='lat' dir='ltr'><strong>quemque</strong></span> <span class='ocrx_word' id='word_1_192' title='bbox 734 2798 828 2846; x_wconf 89' lang='lat' dir='ltr'><strong>notum</strong></span> <span class='ocrx_word' id='word_1_193' title='bbox 842 2788 971 2861; x_wconf 86' lang='lat' dir='ltr'><strong>etaliquo</strong></span> <span class='ocrx_word' id='word_1_194' title='bbox 982 2788 1097 2845; x_wconf 83' lang='lat' dir='ltr'><strong>militari</strong></span> 
     </span>
     <span class='ocr_line' id='line_1_33' title="bbox 294 2862 1098 2937; baseline 0.005 -20"><span class='ocrx_word' id='word_1_195' title='bbox 294 2862 388 2919; x_wconf 87' lang='lat' dir='ltr'><strong>decore</strong></span> <span class='ocrx_word' id='word_1_196' title='bbox 402 2865 536 2937; x_wconf 80' lang='lat' dir='ltr'><strong>insignem</strong></span> <span class='ocrx_word' id='word_1_197' title='bbox 550 2862 716 2935; x_wconf 83' lang='lat' dir='ltr'><strong>adspexerat,</strong></span> <span class='ocrx_word' id='word_1_198' title='bbox 729 2864 765 2919; x_wconf 85' lang='lat' dir='ltr'><strong>ad</strong></span> <span class='ocrx_word' id='word_1_199' title='bbox 774 2863 908 2921; x_wconf 76' lang='lat' dir='ltr'><strong>lesendam</strong></span> <span class='ocrx_word' id='word_1_200' title='bbox 917 2880 997 2935; x_wconf 88' lang='lat' dir='ltr'><strong>opem</strong></span> <span class='ocrx_word' id='word_1_201' title='bbox 1005 2866 1098 2921; x_wconf 87' lang='lat' dir='ltr'><strong>nomi-</strong></span> 
     </span>
     <span class='ocr_line' id='line_1_34' title="bbox 294 2938 1096 3015; baseline 0.002 -21"><span class='ocrx_word' id='word_1_202' title='bbox 294 2954 329 2993; x_wconf 89' lang='lat' dir='ltr'><strong>ne</strong></span> <span class='ocrx_word' id='word_1_203' title='bbox 343 2939 426 2996; x_wconf 84' lang='lat' dir='ltr'><strong>ciens.</strong></span> <span class='ocrx_word' id='word_1_204' title='bbox 465 2939 527 2995; x_wconf 86' lang='lat' dir='ltr'><strong>llox</strong></span> <span class='ocrx_word' id='word_1_205' title='bbox 541 2955 687 3001; x_wconf 85' lang='lat' dir='ltr'><strong>ocnversue</strong></span> <span class='ocrx_word' id='word_1_206' title='bbox 700 2938 736 2995; x_wconf 90' lang='lat' dir='ltr'><strong>ad</strong></span> <span class='ocrx_word' id='word_1_207' title='bbox 748 2940 826 3015; x_wconf 80' lang='lat' dir='ltr'><strong>signa</strong></span> <span class='ocrx_word' id='word_1_208' title='bbox 838 2950 866 2996; x_wconf 87' lang='lat' dir='ltr'><strong>et</strong></span> <span class='ocrx_word' id='word_1_209' title='bbox 875 2938 1006 2996; x_wconf 84' lang='lat' dir='ltr'><strong>bellorum</strong></span> <span class='ocrx_word' id='word_1_210' title='bbox 1017 2938 1096 3002; x_wconf 83' lang='lat' dir='ltr'><strong>deos.</strong></span> 
     </span>
    </p>
   </div>
   <div class='ocr_carea' id='block_1_3' title="bbox 0 0 1284 3692">
    <p class='ocr_par' dir='ltr' id='par_1_4' title="bbox 0 0 1284 3692">
     <span class='ocr_line' id='line_1_35' title="bbox 0 0 1284 3692; baseline 0 0"><span class='ocrx_word' id='word_1_211' title='bbox 0 0 1284 3692; x_wconf 95' lang='lat' dir='ltr'><strong> </strong></span> 
     </span>
    </p>
   </div>
  </div>
 </body>
</html>
