2559 3692
180 455 242 494 με.
256 435 310 510 το.)
403 445 471 491 mn.
495 447 514 490 1.
535 446 614 492 cnr.
636 446 757 490 ss-or.
948 443 981 496 35

180 546 318 617 superiori
337 547 453 600 exercitu
467 553 560 616 quarta
574 562 605 599 ac
617 544 833 602 duodevicesima
855 547 980 619 legiones,

178 621 280 676 iisdem
295 619 418 676 bibernis
436 619 579 683 tendentes,
590 621 650 690 ipsc
666 616 726 674 Kal.
739 620 924 685 Ianuariarum
938 622 982 679 die

179 697 347 765 dirumpunt
359 695 489 767 imagines
502 694 616 749 Galbae:
637 702 730 766 quarta
744 693 813 768 legio
822 697 982 766 promptius,

179 769 400 825 duodevicesima
409 777 570 843 cunctanter,
586 777 800 826 mercensensu.
840 770 984 835 banere-

180 844 450 914 rerentiamimperii
466 861 563 898 exuere
573 844 735 910 viderentur,
756 854 865 900 senatus
877 845 985 917 populi-

183 933 237 991 que
245 919 361 973 llcnaani
371 918 505 973 obliterata
515 919 568 972 inm
579 920 688 980 nomina
696 928 860 975 sacramento
871 920 985 976 advoca-

183 995 259 1048 bant:
283 991 361 1059 nullo
373 992 515 1066 legatorum
533 993 735 1049 tribunorumve
744 1012 794 1065 pro
801 990 985 1051 Galba-niten-

182 1077 215 1133 te,
231 1067 410 1140 quibusdam,
425 1069 493 1122 utin
503 1067 630 1132 tumultu,
647 1069 789 1124 notabilius
802 1069 982 1126 turbantibus.
1042 1071 1045 1078 '

180 1145 241 1199 Non
253 1151 347 1197 tamen
362 1144 507 1214 quisquam
520 1143 549 1197 in
563 1143 673 1197 modum
685 1145 819 1200 concionis
829 1153 982 1218 esuggestu

180 1218 300 1274 locutus.
340 1218 436 1288 Neque
443 1217 515 1272 enim
526 1225 580 1272 erat
589 1217 688 1282 adbuc,
696 1219 741 1272 cui
752 1219 926 1289 inputaretur.

236 1295 281 1347 56.
300 1289 435 1363 Spectator
448 1290 540 1365 flagitii
552 1291 716 1348 Hordeonius
725 1292 845 1358 Flaccus,
859 1293 983 1350 consula-

180 1370 220 1422 ris
237 1367 353 1440 legatus,
369 1367 466 1431 aderat,
483 1381 535 1421 non
550 1383 717 1437 compescere
728 1376 845 1430 ruentes,
857 1371 981 1424 nonreti·

180 1459 247 1498 nere
266 1441 374 1506 dubios,
394 1457 447 1495 non
462 1439 590 1496 cohortari
607 1441 690 1496 bonos
705 1459 798 1505 ausus,
819 1442 870 1512 sed,
879 1444 981 1516 segnis,

179 1516 310 1590 pavidus,
333 1523 358 1570 et
373 1515 491 1573 socordia
504 1516 640 1571 innocens.
680 1514 798 1582 Quatucr
815 1519 991 1572 centuriones

180 1591 416 1648 duodevicesimus
436 1589 556 1664 legionis,
577 1591 681 1646 Nonius
694 1591 835 1661 Receptus,
856 1592 983 1647 Donatius
1043 1589 1049 1601 '

179 1666 293 1730 Valens,
315 1664 448 1719 Romilius
459 1663 609 1729 Marcellus,
629 1664 790 1735 Calpurnius
807 1667 980 1736 Repentinus,

156 1770 164 1780 ι
180 1758 245 1798 cunr
259 1746 429 1813 protegerent
443 1738 542 1793 Galbae
555 1739 695 1810 imagines,
707 1739 799 1808 inpetu
808 1740 925 1796 militum
936 1741 984 1796 ab·

179 1817 250 1888 rapti
260 1816 410 1886 vincbqrra.
444 1813 635 1885 Neo-cuiquam
647 1811 716 1867 ultra
726 1813 791 1867 fides
800 1822 845 1867 aut
856 1818 982 1870 momoria

178 1892 282 1964 prioris
297 1887 468 1945 sacramenti:
489 1887 547 1955 sed,
563 1887 636 1960 quod
650 1887 679 1942 in
693 1887 982 1959 seditionibusaccidit,

180 1963 648 2036 undeplureserantfflnrnesiuere.
688 1963 778 2027 Nocte,
792 1979 863 2034 quae
872 1961 931 2018 Kal.
941 1963 984 2016 la-

180 2041 293 2098 nuarias
301 2035 395 2094 ¹secuta
406 2045 455 2104 est,
469 2040 503 2092 in
512 2038 640 2094 coloniam
650 2037 875 2112 Agrippinensem
885 2037 983 2109 aquili-

181 2116 223 2171 fer
235 2123 350 2198 quaeue
366 2113 475 2186 legionis
491 2114 608 2184 epulanti
619 2113 725 2169 Vitellio
736 2115 848 2179 nuntiat,
859 2120 982 2184 quartam

180 2199 208 2246 et
217 2187 463 2245 duodevicesimam
475 2187 600 2261 legiones,
614 2189 738 2259 proiectis
747 2183 847 2244 Galbae
856 2189 983 2261 imagini-

179 2267 245 2331 bus,
266 2265 297 2318 in
312 2270 458 2318 aestaset
469 2263 647 2334 populillum.
659 2263 739 2319 rerba
748 2263 860 2318 iurasse.
899 2263 930 2318 ld
936 2279 982 2317 sa-

180 2339 351 2396 crumentum
361 2338 441 2392 inane
451 2339 549 2392 visum.
563 2335 693 2408 Occupari
702 2345 839 2392 nutamem
849 2337 981 2393 fortunam

180 2423 207 2469 et
218 2413 311 2470 offerri
321 2413 469 2484 principun
479 2411 587 2483 placuit.
626 2413 703 2467 Missi
717 2411 848 2470 clitellic
857 2413 890 2481 ad
900 2413 983 2486 legie-

181 2505 232 2544 nes
245 2489 410 2562 legatosque,
426 2487 474 2558 qui
485 2486 631 2541 descivisse
643 2486 752 2543 aGalba
759 2489 924 2559 superiorem
934 2505 981 2545 ex·
1085 2513 1093 2538 ι

181 2563 298 2619 arcitum
312 2563 481 2616 nunciarent:
502 2561 612 2633 preinde
627 2571 673 2616 aut
685 2561 839 2618 bellandum
852 2563 981 2619 adversus

181 2635 981 2708 desciscentes,aut,si·ccncordiaetpssplacaatlaciendum

181 2715 385 2787 imperatorem:
416 2719 442 2766 et
454 2713 556 2767 minore
569 2712 724 2768 discrimine
738 2713 980 2784 semiprincipem,

181 2787 380 2860 quaquuaeri.
678 2798 685 2813 ·
907 2808 909 2811 ·

238 2864 282 2918 57.
303 2862 426 2917 Proxima
449 2861 560 2935 leglonis
583 2863 697 2934 primae,
711 2859 824 2917 hiberna
850 2867 938 2922 erant,
956 2869 982 2912 et

184 2937 403 3010 promptissimus
416 2954 430 2992 e
445 2935 537 3011 legatis
550 2937 649 2992 Fabius
658 2933 766 3062 isleras.
805 2935 831 2991 is
842 2934 885 2989 die
894 2939 981 3002 poste-
