2559 3692
272 449 287 496 r
506 446 831 498 ursromsuuu
931 438 1066 514 (auen.

325 550 351 612 2.
373 545 448 618 Opus
458 545 595 620 adgredior
603 547 726 618 opimum
735 548 852 613 casibus,
866 545 941 603 atrcx'
948 547 1067 620 proeliis,

271 621 372 678 discors
382 619 566 686 seditionibus,
576 622 636 693 ipsa
646 624 725 678 etiam
735 639 800 694 pace
809 637 928 679 saevum.
945 621 1069 693 ,Quaturn

271 697 406 770 principes
420 695 489 752 ferro
499 693 663 768 interempti.
702 695 782 752 Trina
795 695 977 766 bella-ciuilia,
990 696 1069 770 plura

272 779 379 828 externe
392 787 423 826 ac
431 769 589 843 plerumque
603 771 761 843 permixta„
782 770 926 843 Prosperae
935 772 964 826 in
975 770 1070 828 Orien-

272 857 307 913 te,
328 846 454 903 adversae
467 846 496 900 iu
510 843 650 900 Occidente
662 863 714 905 res.
754 847 902 908 Turbatum
914 845 1067 921 Illyricum:

226 973 230 980 ,
273 919 374 978 Galliae
383 927 520 976 nutantes:
533 919 959 992 perdomitaliritannia,etstatim
969 922 1069 978 missa:

272 1004 374 1069 coortae
383 995 411 1050 in
421 1012 469 1050 nos
478 992 658 1058 Sarmatarum
668 1013 699 1050 ac
707 994 857 1052 Suevorum
864 997 972 1071 gentes:
992 997 1071 1053 uobi-

272 1071 362 1126 litatus
376 1068 496 1137 cladibus
511 1069 613 1125 mutuis
626 1067 727 1140 Dacus}
747 1078 817 1127 mota
825 1088 909 1143 prope
917 1072 998 1126 etiam
1005 1068 1071 1126 Par·

272 1145 379 1201 thoruin
394 1161 481 1208 arma,
496 1140 556 1199 falsi
569 1145 682 1201 Neronis
694 1145 819 1202 ludibrio.
859 1147 915 1201 lam
924 1145 1070 1201 veroltalia

273 1221 349 1276 nevis
360 1218 490 1284 cladibus,
506 1217 548 1274 vel
558 1227 620 1290 post
627 1219 734 1295 longam
743 1220 911 1277 saeculomm
920 1221 1018 1276 seriem
1027 1237 1070 1274 re-

272 1294 371 1366 petitis,
384 1291 496 1348 adflicta.
536 1294 651 1350 Haustae
660 1295 822 1351 autobrutae
831 1294 923 1360 urbes,
934 1293 1070 1350 fecundis-
1124 1346 1128 1354 ,

273 1371 342 1423 sima
355 1368 515 1439 Campaniae
528 1385 582 1424 ora.
621 1370 656 1424 Et
667 1369 734 1426 urbs
742 1366 877 1426 ¹incendiis
886 1377 996 1432 reema
1005 1386 1070 1424 cou-

273 1443 388 1516 sumptis
403 1442 598 1514 antiquissimis
612 1443 742 1514 delubris,
757 1446 817 1518 ipso
831 1442 958 1517 Capitolio
967 1443 1069 1499 civium

275 1519 399 1574 manibus
409 1519 531 1574 incenso:
552 1518 668 1590 pollutae
677 1520 864 1576 caerimoniae:
885 1517 1070 1592 megnardul-

274 1593 351 1648 teria:
371 1590 482 1664 plenum
497 1591 600 1648 exsiliis
613 1611 699 1649 mare:
720 1592 809 1649 inlecti
820 1592 946 1649 caedibus
955 1592 1067 1665 scopuli.

273 1667 395 1723 ritrccius
415 1668 444 1722 in
457 1667 524 1722 urbe
537 1664 679 1724 saevitum.
718 1668 863 1733 Nobilitas,
881 1685 958 1740 opes,
973 1667 1069 1723 omissi

272 1743 395 1817 gestique
414 1741 529 1798 honores
545 1760 594 1815 pro
607 1744 729 1809 crimine,
750 1751 775 1798 et
786 1743 822 1800 ob
832 1742 1071 1799 virtutescertissi-

272 1835 350 1873 mum
361 1817 495 1874 exitium·
522 1817 577 1874 Nec
586 1819 679 1874 minus
688 1819 805 1890 praemia
814 1814 1070 1880 delatoruminvisa,
1103 1872 1106 1877 ,

273 1892 485 1965 quam'seelera;
507 1909 569 1949 cum
588 1893 634 1948 alii
653 1892 795 1948 sacerdotia
815 1900 840 1946 et
855 1891 1022 1958 consulatus,
1040 1899 1071 1946 ut

273 1967 367 2040 spolia,
380 1967 477 2040 adepti,
492 1966 689 2040 procurationes
704 1966 750 2021 alii
762 1974 787 2021 et
796 1966 1071 2038 interiorem‘pctenti-

273 2059 328 2107 am,
339 2049 454 2116 agerent,
466 2050 597 2098 verterent
610 2050 703 2097 cuncta
717 2041 777 2097 odio
786 2049 811 2096 et
820 2048 926 2112 terrore.
966 2039 1070 2097 Conru-

273 2115 312 2188 pti
331 2118 360 2172 in
380 2115 501 2172 dominos
519 2119 599 2183 serri,
621 2119 649 2172 in
663 2125 786 2190 patronos
800 2115 901 2185 liberti3
923 2123 957 2181 et,
968 2116 1070 2190 quibus

221 2249 225 2258 ,
273 2191 362 2246 deerat
370 2191 507 2268 inimicus,
517 2207 565 2263 per
575 2191 674 2250 amicos
683 2191 813 2263 oppressi.

284 2275 289 2290 ¹
329 2269 354 2320 3.
375 2266 434 2320 Nou
448 2273 536 2320 umen
551 2264 615 2320 adeo
624 2267 759 2321 -virtutum
768 2264 861 2320 sterile
872 2264 1019 2330 saeculum,
1040 2273 1070 2320 ut

274 2358 327 2396 non
338 2348 363 2395 et
376 2340 446 2396 bona
459 2337 580 2412 exempla
589 2340 742 2413 prodiderit.
782 2338 924 2396 comitatae
942 2339 1069 2413 profirgcs

274 2414 371 2487 liberos
390 2421 502 2470 matres:
522 2423 627 2474 secutae
644 2416 752 2471 maritos
770 2416 799 2470 in
819 2413 912 2469 exsilia
926 2415 1069 2488 coniuges:

273 2491 418 2563 propinqui
428 2488 568 2547 audentes:
589 2497 737 2546 constantes
744 2490 849 2564 generi:
869 2496 1021 2554 contumax,
1031 2495 1070 2542 et-

273 2567 328 2620 iam
348 2564 475 2620 adversus
495 2571 636 2630 tormenta,
662 2582 800 2620 servorum
818 2563 899 2620 fides:
929 2574 1071 2640 supremae

217 2695 220 2702 Δ
274 2640 405 2696 clarorum
415 2637 535 2695 virorum
545 2640 713 2696 necessitates
727 2638 826 2696 fortiter
835 2637 965 2704 toleratae,
977 2645 1003 2692 et
1010 2637 1071 2693 lau·

216 2735 218 2740 ·
274 2713 342 2770 datis
352 2715 523 2787 antiquorum
533 2715 664 2771 mortibus
673 2716 857 2788 paresexitus.
885 2714 989 2769 Praeter
998 2713 1071 2769 mul·
1134 2739 1141 2748 ·

224 2841 225 2846 ,
274 2789 377 2861 tiplioes
392 2806 482 2845 rerum
496 2790 675 2846 humanarum
688 2807 776 2856 casus,
792 2786 863 2845 cdelo
877 2797 999 2862 terraque
1008 2806 1070 2862 pro

204 2909 208 2918 .
275 2864 345 2939 digia
364 2872 390 2920 et
408 2861 554 2921 fulminum
573 2867 690 2922 monitus
707 2872 733 2920 et
752 2864 903 2922 iumrcrum
920 2864 1067 2936 praesagia,

275 2939 350 3008 laete,
361 2941 455 3016 tristia,
466 2942 602 3018 ambigua,
614 2939 761 2998 manifesta.
802 2941 857 2996 Nec
866 2940 938 2995 enim
948 2954 1068 3008 unquam
