2559 3692
169 462 197 498 s.
211 460 238 497 c.
253 441 300 515 ro.)
383 452 463 498 Las.
483 452 521 499 11.
543 454 633 500 car.
656 456 699 499 ss.
719 455 762 501 sa.
924 452 974 505 toa

168 551 239 609 vilia
251 550 460 624 accipiebantur.
482 553 630 621 Veptitabat
640 555 669 608 in
678 559 902 621 contumetiam
911 576 973 618 mim

168 627 265 698 parvis
275 626 309 682 de
319 626 401 682 rebus
411 635 497 698 patres
506 628 716 685 consulerentur.
744 628 858 686 doiortc
867 632 974 689 Priscus

167 700 330 766 Helvidius,
356 710 458 772 praetor
476 702 644 776 designatus,
667 712 756 760 contm
774 706 895 761 sardium
916 710 998 763 eius·

167 783 323 831 censuerat.
336 774 489 847 Commotus
498 778 586 848 primo
591 777 724 844 Vitellius,
732 794 785 835 nm
795 788 884 841 amen
893 780 973 848 ultra,

167 868 255 924 qnam
268 850 391 907 tribunos
400 850 486 922 plebis
495 854 523 907 in
534 852 666 909 auxilium
675 862 779 925 spretae
784 857 975 926 potestatisad-

167 926 289 986 vocavit.
329 926 400 990 lllox,
415 926 601 999 mitigantibus
614 929 718 993 amicis,
734 931 783 1001 qui
791 928 911 987 altiorem
921 933 976 986 ira-
1055 993 1059 1004 ,

167 1000 301 1056 cundiam
308 1000 373 1055 ‘eine
387 1000 556 1067 verebantur,
571 1004 637 1056 nibil
645 1008 849 1070 noctoccidirsr,
862 1022 974 1078 raspon-

167 1075 218 1142 dit,
237 1079 308 1145 qaod
321 1079 372 1133 duc
385 1085 516 1131 mmtoras
529 1082 557 1131 ic
568 1080 702 1145 republica
711 1082 890 1135 adamarent:
908 1085 974 1135 sols·-

168 1160 226 1205 tum
236 1168 265 1205 ss
276 1154 354 1205 etiam
365 1151 491 1205 Tbroacca
501 1156 688 1206 contradicere.
727 1154 840 1209 lnriscre
850 1154 973 1227 plerique

167 1224 359 1297 inpudentiam
379 1224 576 1280 aemulationis:
604 1226 665 1283 aliis
682 1226 741 1284 idi
775 1244 822 1283 uns
841 1228 970 1301 placebat,

167 1298 247 1372 qnod
266 1300 401 1353 neminem
415 1314 448 1353 ex
463 1300 687 1371 praepotentibus,
763 1302 916 1369 Thraseam
937 1304 972 1361 ad

168 1372 310 1446 exemplar
319 1389 397 1429 veras
405 1372 504 1447 gloriae
514 1373 630 1448 legisset.
968 1388 974 1393 ·

228 1526 272 1578 92.
294 1523 481 1594 Praeposuerat
490 1525 662 1595 praetorianis
671 1525 702 1580 P.
714 1524 854 1591 Sabinum,
870 1542 972 1601 aprae-

168 1598 274 1653 fectura
288 1597 416 1665 cohortis;
437 1598 538 1653 lulium
551 1599 684 1665 Priscum,
704 1607 763 1655 tum
778 1601 969 1657 centiuionem.

167 1673 283 1727 Priscus
296 1671 424 1736 Valentis:
444 1671 559 1728 Sabinus
579 1672 707 1729 Caecinae
725 1676 809 1747 gratia
827 1674 969 1746 pollebant.

168 1748 243 1803 Inter
253 1744 388 1801 discordes
401 1746 507 1803 Vitellio
522 1746 591 1802 nihil
604 1749 774 1803 comantis.
813 1748 905 1804 Mania
918 1750 972 1804 im-

168 1820 360 1895 periiCacoina
369 1820 632 1877 acValensobibant:
648 1820 713 1877 olim
722 1823 796 1877 anxii
805 1822 883 1888 odiis,
891 1840 970 1895 qnae,

168 1895 242 1953 bello
255 1902 282 1951 st
295 1896 389 1952 metris
403 1894 473 1951 male
486 1895 664 1962 dissimulata,
684 1897 801 1968 pravitas
812 1897 970 1964 eminerem,

169 1982 195 2027 et
210 1970 326 2027 fecunda
339 1971 481 2045 gignemb
496 1971 645 2027 inimicitiis
657 1971 752 2027 civitas
765 1980 884 2036 auxerat,
904 1972 971 2027 dum

169 2045 287 2111 ambitu,
303 2047 437 2111 comitatu,
451 2053 477 2101 et
490 2047 621 2102 inmensis
633 2045 808 2102 salutantium
817 2047 971 2121 angnibus

169 2119 336 2177 contendunt
344 2130 597 2194 comparanturque,
618 2123 701 2177 variis
713 2122 744 2177 in
755 2121 829 2177 hunc
836 2128 883 2177 aut
891 2121 970 2177 illum

168 2193 274 2251 Vitellii
282 2194 507 2251 inclinationibus.
545 2197 602 2253 Nec
610 2214 732 2269 unquam
741 2199 807 2253 saus
816 2196 869 2253 fids
878 2206 972 2269 poten·

170 2274 216 2336 tia,
229 2270 431 2326 ubinimiacat.
467 2270 554 2326 Simul
564 2272 656 2345 ipsum
665 2271 813 2341 Vitellium,
823 2272 921 2327 subitis
930 2271 972 2328 ol·

169 2344 256 2401 feneis
276 2354 323 2400 aut
336 2346 530 2417 intempestivis
546 2346 681 2402 blanditis
693 2346 865 2413 mortabilem,
881 2356 971 2404 conte·

170 2420 301 2477 mnebant
318 2420 532 2493 metuebantque.
572 2422 626 2476 Nec
644 2424 804 2496 eosagnins
817 2423 971 2478 invaserant

170 2496 390 2561 donaciones,
405 2512 523 2568 opesque
534 2496 656 2567 imperii:
677 2494 970 2572 cnmflebilisetegens

171 2568 305 2626 nobilium
325 2570 414 2634 turba,
433 2588 501 2643 quos
520 2571 594 2643 ipsos
608 2571 760 2645 liberosque
772 2572 872 2643 patriae
885 2572 970 2634 Galba

170 2645 335 2711 reddiderat,
359 2644 433 2701 nulls
452 2646 581 2718 principis
603 2647 785 2703 misericordia
804 2648 969 2703 iuvarentur.

171 2720 285 2777 Gratum
299 2720 463 2792 primoribus
473 2720 596 2787 civitatis,
613 2721 693 2777 etiam
702 2721 794 2795 plebes
804 2722 969 2794 adprobavit,

171 2796 244 2867 quod
260 2796 375 2851 reversis
390 2794 424 2851 ab
437 2795 532 2852 exsilio
545 2796 605 2853 iura
615 2796 772 2870 libertorum
782 2798 969 2853 concessisset:

168 2866 339 2943 enumquam
353 2870 383 2926 id
396 2872 470 2931 omni
483 2870 561 2927 modo
574 2872 683 2927 servilia
691 2868 801 2945 ingenia
812 2884 972 2941 conrumpe-

171 2943 244 3013 bant,
251 2944 350 3003 abditis
360 2945 482 3019 pecumis
492 2962 539 3019 per
546 2946 663 3003 occultos
670 2944 969 3002 autambitiosossinus.
