2559 3692
279 427 311 480 tt
489 451 491 456 ,
517 425 840 478 ursrcnranuu
938 421 1080 497 (uuam.

278 531 440 604 Iudaeaque=
461 531 524 587 inde
533 531 802 605 continuaAegyptus
811 531 934 603 duaeque
942 529 1080 604 legiones:
1152 522 1158 537 '

278 607 341 662 hinc
350 599 514 679 Cappadocia
523 608 677 678 Pontusque
690 616 716 660 et
725 607 860 678 quidquid
868 613 1016 661 castrorum
1027 606 1083 662 Ar-
1162 627 1163 630 ¹

278 682 375 736 moniis
394 681 582 753 praetenditur.
621 681 685 736 Asia
704 689 730 736 et
742 689 843 736 ceterae
855 681 1009 751 provinciae
1028 699 1083 736 nec

276 757 397 811 virorum
408 757 509 828 inopes,
525 767 551 810 et
561 757 690 828 pecuniae
697 756 847 826 opulentae,
886 753 1025 821 Quantum
1035 757 1083 810 in-

276 830 398 887 sularum
409 832 478 886 mari
486 832 611 904 cingitur,
623 838 650 886 et
658 831 774 902 parando
783 831 891 886 interim
900 830 971 885 bello
980 847 1073 886 wcun·

277 904 343 960 dum
354 913 495 976 tutumque
506 907 596 976 ipsum
606 923 689 960 mara.

1161 759 1163 788 t

332 981 359 1036 7.
379 981 438 1034 Non
452 979 558 1034 fallebat
571 980 652 1036 duces
661 981 776 1051 ,inpetus
789 979 922 1043 militum
945 977 1004 1045 sed,
1017 977 1082 1033 het-
1157 944 1160 953 Ι

277 1053 394 1110 lantibus
405 1054 475 1119 aliis,
490 1055 590 1126 placuit
599 1063 751 1126 exspectare
759 1054 824 1110 beiti
833 1055 946 1110 exitum.
990 1055 1083 1108 Victo-

276 1146 319 1184 res
333 1133 463 1197 victosque
476 1147 615 1199 numquam
625 1134 711 1186 solido
719 1134 768 1200 fide
779 1133 928 1184 coalescere.
967 1129 1023 1183 Nee
1032 1145 1082 1183 ra-

276 1209 353 1273 sarre,
368 1204 496 1258 Vitetlium
508 1222 544 1258 ao
554 1203 675 1260 Othonem
683 1209 845 1273 superstitem
853 1209 959 1274 [ortano
968 1209 1079 1273 feceret.

277 1279 360 1332 Rebus
368 1282 487 1333 secundis
496 1283 574 1334 ettam
584 1285 699 1348 epreptoe
707 1283 784 1333 daces
793 1281 959 1334 taeoteacere:
972 1282 1080 1333 ducor-

277 1355 406 1416 diamtu‘s,
417 1357 556 1422 iqtaaaiam,
573 1355 719 1408 turcarum.-
737 1363 761 1410 et
770 1358 875 1408 mismet
882 1357 955 1408 vitiis
962 1356 1080 1408 atterum

278 1430 350 1489 betto,
362 1430 473 1482 aterum
482 1432 595 1491 victorio
600 1432 754 1496 peritarum.
786 1428 870 1501 Igitur
878 1445 951 1482 arma
962 1428 990 1483 in
999 1444 1080 1483 00oe-

277 1501 380 1556 sionem
390 1501 516 1558 distulere
525 1503 705 1574 Vespasianus
714 1503 910 1574 Mucianusque
921 1519 1016 1573 nuper,
1031 1520 1081 1558 ee-

277 1576 326 1630 teri
334 1575 400 1632 olim
410 1577 502 1632 mixtis
512 1577 646 1634 consiliis:
667 1578 785 1648 optimus
798 1578 1080 1650 quisqneamorerei-

277 1651 414 1722 publicae:
429 1651 527 1706 multos
536 1651 649 1707 dulcedo
658 1651 815 1724 praedarum
825 1652 992 1720 stimulabat,
1009 1651 1079 1708 alios

278 1725 562 1798 ambiguacdomires.
587 1728 624 1782 Ita
636 1728 700 1784 boni
709 1727 828 1800 malique
836 1728 940 1782 caussis
948 1727 1076 1792 diversis,

278 1799 366 1856 studio
375 1802 442 1873 pari,
454 1801 555 1858 bellum
564 1820 658 1861 omnes
666 1803 817 1875 cupiebant.

332 1879 358 1931 8.
379 1875 435 1932 Sub
444 1877 515 1932 idem
526 1887 631 1949 tempus
641 1878 739 1933 Achaia
748 1887 828 1948 atque
837 1876 901 1932 Asia
913 1874 979 1932 falso
988 1885 1080 1932 exter-

278 1951 352 2017 ritae,
364 1951 437 2006 velut
447 1953 515 2008 Nero
525 1954 688 2008 adventaret:
702 1954 775 2006 vario
784 1969 865 2022 super
874 1953 949 2007 exitu
957 1952 1017 2006 eius
1028 1970 1078 2008 ru·
1161 1993 1163 2032 t

278 2043 360 2091 more,
373 2043 456 2100 eoque
464 2026 590 2097 pluribus
599 2028 690 2082 vivere
699 2045 762 2082 eum
772 2026 937 2099 fingentibus
945 2027 1080 2082 credenti·
1161 2065 1163 2068 <

279 2100 393 2172 busque.
433 2100 585 2158 Ceterorum
609 2119 688 2156 casus
710 2110 875 2173 conatusque
897 2103 926 2156 in
950 2109 1077 2158 contextu

278 2176 365 2244 operis
379 2174 513 2232 dicemus:
534 2184 599 2230 tunc
613 2194 708 2232 servus
721 2178 836 2242 ePonto,
848 2177 915 2240 sive,
925 2184 957 2231 ut
964 2176 1012 2232 alii
1021 2184 1080 2232 tra-

278 2247 378 2313 didere,
400 2248 540 2306 libertinus
554 2268 588 2306 ex
602 2252 686 2316 Italia,
697 2251 813 2307 citharae
822 2259 951 2306 etcantus
960 2252 1076 2323 peritus,

278 2322 359 2396 (unde
374 2321 423 2389 itti,
440 2342 521 2396 super
531 2327 735 2383 similitudinem
744 2328 808 2392 oris,
822 2327 929 2398 propior
939 2326 973 2381 ad
982 2325 1080 2383 fallen-

278 2397 345 2454 dum
358 2397 433 2473 fides)
450 2401 582 2458 adiundis
600 2402 788 2467 desertoribus,
808 2419 876 2474 quoa
890 2401 978 2472 inopia
993 2419 1078 2476 vagos

278 2474 433 2547 ingentibus
442 2474 582 2546 promissis
592 2487 757 2548 conruperat,
769 2494 842 2532 mare
852 2475 1014 2549 ingreditur:
1033 2495 1076 2543 ac,

278 2550 306 2604 vi
316 2550 646 2624 tempestatumCythnuru
655 2551 772 2608 insulam
780 2552 948 2615 detrusus,et
957 2550 1078 2608 miiitum

278 2623 409 2695 quosdam
424 2642 458 2680 err
473 2624 578 2681 Oriente
588 2628 794 2682 commeantium
804 2626 926 2693 adscivit,
938 2625 1080 2683 veiabnu-

280 2705 352 2753 entes
362 2699 474 2754 interfici
483 2701 571 2766 iussit,
583 2709 608 2758 et
617 2702 737 2774 spoliatis
749 2701 966 2776 negotiatoribus,
973 2703 1095 2757 manci?

278 2773 385 2844 piorum
399 2774 613 2832 valentissimum
626 2794 763 2849 quemque
775 2777 897 2832 armavit.
936 2775 1080 2834 Centurio-

280 2865 396 2920 nemque
408 2848 559 2916 Sisennam,
570 2851 686 2918 dextras,
700 2852 853 2907 concordiae
862 2852 988 2924 insignia,
1000 2850 1079 2926 Syri-

279 2924 320 2978 aci
334 2926 466 2982 exercitus
480 2927 588 2982 nomine
600 2926 633 2982 ad
647 2929 826 3000 praetorianos
840 2926 978 2992 ferentem,
992 2928 1079 2983 variis
