2559 3692
306 472 354 525 tet
542 472 866 549 uranonrnnunr
967 465 1102 540 (nmen.

304 574 478 634 ainestnbs‘licr
491 586 515 632 et
528 581 633 632 mccicr
644 584 753 639 exortus
767 584 812 630 cst.
851 574 910 631 Non
924 579 1044 631 limenun
1060 576 1105 630 Vs-

304 656 471 723 apnaicnum:
489 654 748 721 suprincipc'ccetcs,
759 654 951 705 cumcdercts'c.
985 649 1105 705 Ssdde‘u-

305 733 358 783 tina
367 730 465 782 durant
473 728 600 795 cnamplc,
612 738 691 795 quum
700 733 827 780 auctora-r.
844 748 847 755 Δ
865 724 1048 795 Elanpuimns,
1057 743 1105 793 pu-

306 811 359 858 trer
373 805 521 870 conscripti,
542 817 589 855 nec
601 804 656 854 inm
670 802 715 855 illc
723 807 828 854 sumtus
839 798 937 862 aumas,
956 803 1011 868 qai,
1023 804 1106 854 occiso

305 877 416 940 Nerone,
430 879 558 930 delatores
570 884 595 929 ct
603 879 737 929 miniatem
748 890 818 928 encra
826 877 955 929 maiarum
962 878 1106 942 puniendos

296 954 449 1023 ‚flnpimbnt
492 948 610 1017 Optimae
632 958 671 1003 cet
689 956 749 1018 pact
767 951 865 1002 malum
882 952 1031 1017 privatim
1054 953 1106 1003 dica

345 1031 414 1081 'maa
849 1039 854 1049 ·

304 1044 349 1095 m
362 1102 404 1156 ta.
425 1098 508 1153 Tanto
521 1113 584 1151 cum
594 1096 709 1153 adsensu
720 1103 827 1151 senatns
837 1095 945 1152 auditus
954 1104 996 1152 est
1005 1097 1107 1153 Monta·

306 1192 369 1240 nus,
380 1180 411 1228 ut
420 1186 496 1260 spem
507 1179 611 1259 caperet
619 1170 769 1239 llelvidips,
775 1188 855 1259 pessa
865 1171 944 1227 etiam
949 1171 1105 1260 Marcellum

305 1244 1106 1393 littleinitalllltltllllsstlntutt

305 1414 369 1452 mne
378 1395 528 1468 periculum
538 1394 696 1459 lacessisset,
708 1396 821 1451 crimine
833 1394 916 1451 simul
929 1396 1106 1469 exemploque

304 1471 419 1543 Eprium
440 1471 559 1543 urgebat,
581 1470 737 1527 amentibus
754 1477 862 1542 patrum
880 1470 988 1531 animis.
1031 1470 1105 1538 Quod

305 1546 354 1602 ubi
367 1546 450 1601 sensit
465 1544 615 1611 Marcellus,
631 1544 706 1601 uelut
720 1544 850 1599 arcadem
862 1546 949 1601 curia:
971 1546 1055 1609 lancis,
1067 1548 1106 1601 in-

305 1621 373 1694 quit,
390 1621 491 1695 Prisce„
507 1628 531 1675 ct
544 1623 715 1690 rainsuinde
727 1622 774 1674 tibi
781 1629 898 1675 senatum
909 1629 996 1675 laram:
1015 1638 1106 1690 regin,

304 1694 569 1765 praascntadnaacre.
599 1694 765 1768 Sequebatur
774 1694 870 1751 Vibius
880 1693 1009 1765 Crispus}
1029 1696 1107 1751 amba

305 1769 405 1826 infensi
424 1769 502 1825 vultu
524 1769 643 1839 diversn;
674 1768 814 1826 Marcellus
838 1768 989 1825 minacibus
1008 1768 1105 1833 oculis,

306 1846 419 1918 Crispus
433 1844 572 1901 renidens:
596 1845 681 1900 donec
694 1843 809 1900 adcursu
826 1845 972 1914 amicorum
989 1845 1107 1901 retrahe-

305 1929 408 1977 rentur.
446 1919 517 1976 Cum
525 1918 648 1992 glisceret
657 1926 799 1984 certamen,
815 1918 879 1974 binc
887 1918 966 1973 multi
975 1918 1105 1993 bonique,

305 1994 458 2068 indepauci
471 1992 598 2057 etvalidi,
612 1992 794 2064 pertinacibus
808 1992 877 2049 odiis
886 1993 1033 2061 tenderent,
1045 2012 1107 2050 mn·

305 2079 432 2143 sumptus
440 2085 488 2140 per
496 2067 656 2123 discordiam
668 2066 735 2121 dies.

360 2148 403 2201 ll.
424 2143 548 2201 meim'o
557 2140 661 2207 senatu,
671 2140 812 2197 inchoante
821 2140 1107 2199 Caesaradacbnlcndc

305 2222 394 2274 dclcrc
408 2223 500 2289 iraque
512 2227 536 2273 ct
546 2217 818 2287 priorumtemporum
831 2220 1034 2282 necessitatibus,
1045 2234 1108 2273 ceu-

305 2294 361 2349 snit
371 2293 511 2349 Mucianus
530 2291 633 2368 pmlixe
650 2308 701 2365 pro
716 2291 931 2348 adcusatnribus:
952 2291 1038 2347 simul
1052 2310 1106 2355 eos,

189 2422 193 2428 ,
306 2368 357 2439 qui
365 2367 595 2437 coeptam,deiude
604 2368 733 2423 omissam
744 2367 873 2421 actionem
883 2374 1041 2439 repeterent,
1051 2384 1107 2423 me

306 2443 366 2497 uuit
380 2457 501 2496 sermone
515 2441 589 2498 molli
602 2450 628 2497 et
640 2450 779 2515 tamquam
794 2448 905 2514 rogaret.
943 2441 1036 2497 Patres
1049 2456 1108 2497 cce-

305 2524 405 2589 ptatam
422 2515 578 2582 libertatem,
599 2525 741 2590 postquam
758 2516 865 2572 obviam
879 2516 960 2581 Mum,-
981 2517 1105 2573 omisere.

305 2590 457 2656 Mucianus,
474 2608 508 2645 ne
519 2593 611 2663 sperni
625 2600 735 2647 senatus
748 2591 890 2655 iudicium,
902 2598 927 2645 et
937 2592 1044 2647 cunctis
1056 2590 1106 2647 suh

304 2666 409 2721 Nerone
427 2665 553 2720 admissis
571 2665 630 2721 datu
646 2667 783 2736 inpunitas
797 2666 942 2731 videretur,
962 2664 1106 2721 Octavium

305 2739 434 2814 Sagittam
452 2749 477 2795 et
495 2739 641 2795 Antistium
661 2737 817 2806 Sosianum,
843 2741 968 2797 senatorii
990 2740 1103 2805 ordinis,

300 2810 427 2889 'egressis
441 2814 582 2880 exsilium,
603 2815 632 2869 in
647 2814 753 2871 easdem
767 2816 869 2871 insulas
884 2813 995 2889 redegit.
1029 2812 1108 2871 Octa·

305 2890 368 2945 viua
378 2889 686 2955 PontiamPostumiam,
707 2897 799 2960 stupro
809 2891 944 2963 cognitam
958 2897 985 2945 et
998 2891 1107 2961 nuptias

296 2980 370 3020 uuas
379 2965 550 3031 annuentem,
570 2966 693 3037 inpotens
706 2963 992 3035 amarisinterleccrat'3
1017 2963 1107 3021 Sosia·
