2559 3692
310 418 373 472 'loe'
449 384 451 391 ’
550 412 871 470 lllsTbntnRuiu
920 473 923 478 ,
972 374 1114 490 (anem

313 544 387 581 rens:
410 542 424 579 a
443 541 498 597 quo
517 522 663 598 neglectus,
683 524 712 578 in
725 493 801 579 nullo
812 522 956 581 Othoniani
972 506 1039 581 belli
1062 521 1114 585 {asu

313 600 371 659 luit.
401 600 564 654 Labautibus
574 598 674 656 Vitellii
684 593 775 664 rebus,
786 598 982 671 Vespasianum
992 611 1115 670 secutam,

312 675 411 749 grande
431 680 597 730 momentum
606 673 721 739 addidit,
739 681 969 739 strenuus-manu,
989 676 1116 732 sermone

311 759 464 824 promptus,
476 749 606 804 serendae
615 750 643 803 in
654 748 720 804 alios
729 747 847 804 invidiae
855 747 959 812 artifex,
970 749 1115 807 discordiis

312 836 338 881 et
348 825 522 880 seditionibus
537 834 640 896 potens,
652 833 749 895 raptor,
760 823 878 897 largitor,
888 840 954 895 pace
962 826 1114 895 pessimus,

311 900 381 957 bello
397 918 449 955 non
464 898 640 970 spernendus.
680 900 765 953 luncti
779 899 841 954 inde
849 899 958 968 Moesici
966 916 999 954 ac
1009 900 1115 956 Panno-

312 973 699 1038 niciexercitus,Dalmaticum
708 973 1112 1051 militemtraxere,quamquam

312 1048 498 1105 consularibus
508 1047 601 1121 legatis
610 1046 679 1103 nihil
691 1048 870 1116 tupbantibus,
909 1050 987 1104 Titus
997 1048 1114 1123 Ampius

313 1124 457 1181 Flavianus
471 1124 644 1188 Pannoniam,
664 1124 801 1195 Poppaeus
815 1122 941 1179 Silvamrs
954 1124 1113 1181 Dalmatiam

313 1199 445 1264 tenebant,
456 1198 552 1255 divites
562 1214 649 1252 senes.
687 1196 740 1253 Sed
753 1206 906 1270 procurator
914 1199 1006 1255 aderat
1015 1200 1115 1256 Corne-

313 1273 367 1330 lius
386 1274 499 1337 Fuscus,
521 1274 615 1347 vigens
634 1280 726 1338 aetate,
747 1272 826 1329 claris
839 1272 982 1342 natalibus.
1023 1277 1114 1331 Prima

312 1350 420 1404 iuventa
434 1348 532 1420 quietis
545 1348 678 1419 cupidine,
686 1348 848 1403 senatorium
857 1348 978 1404 ordinem
992 1360 1112 1406 exuerat.

225 1424 228 1431 '
313 1424 387 1479 ldem
396 1441 445 1496 pro
454 1422 537 1479 Galba
547 1424 604 1479 dux
615 1422 733 1479 coloniae
745 1440 819 1489 suae,
833 1438 918 1496 eaque
927 1422 1008 1495 opera
1015 1442 1115 1498 procu·

314 1492 442 1554 rationem
452 1498 572 1570 adeptus,
584 1501 717 1570 susceptis
729 1498 885 1571 Vespasiani
894 1500 1028 1571 partibus,
1041 1518 1114 1557 acer-

313 1575 410 1629 rimam
425 1573 494 1631 bello
503 1573 592 1629 vlacem
606 1572 744 1647 praetulit:
766 1590 819 1630 non
834 1584 888 1629 tam
901 1576 1029 1646 praemiis
1042 1578 1115 1649 peri-

313 1648 448 1715 culorum,¹
465 1651 548 1722 quani
566 1649 634 1721 ipsis
652 1647 789 1720 periculis,
809 1647 908 1704 laetus:
928 1666 978 1721 pro
993 1652 1076 1706 certis
1089 1662 1114 1706 et

313 1722 378 1780 olim
391 1725 474 1797 partis
488 1742 565 1789 nova,
580 1724 716 1800 ambigua,
731 1724 855 1797 ancipitia
865 1722 988 1781 malebat.
1027 1726 1113 1800 Igitur

313 1816 420 1857 movere
429 1808 455 1855 et
463 1807 580 1873 quatere,
591 1799 726 1872 quidquid
736 1817 853 1871 usquam
863 1816 974 1873 aegrum
983 1799 1060 1866 foret,
1068 1801 1114 1857 ad-

312 1876 479 1951 grediuntur.
519 1875 636 1947 Scriptae
646 1875 674 1929 in
685 1874 848 1929 Britanniam
858 1874 892 1929 ad
901 1875 1113 1947 quartadecima-

313 1970 371 2017 uos,
387 1952 416 2006 in
431 1952 586 2023 Hispaniam
602 1950 635 2004 ad
648 1950 785 2019 primanos
799 1948 937 2021 epistelam
958 1950 1032 2021 quod
1040 1959 1114 2005 utra-

312 2044 366 2099 que
380 2026 449 2099 legio
462 2044 511 2097 pro
524 2024 636 2088 Othone,
653 2022 764 2078 adversa
777 2024 885 2079 Vitellio
897 2023 991 2079 luerat.
1031 2023 1114 2097 Spar

332 2110 413 2157 untur
436 2116 483 2171 per
505 2098 605 2154 Gallias
630 2092 744 2153 litterae:
773 2107 962 2171 momentoque
982 2102 1112 2171 temporis

291 2232 293 2237 ,
312 2118 439 2249 lagrabat
456 2175 552 2247 ingens
570 2172 687 2239 bellum,
708 2172 824 2247 illyricis
842 2174 1004 2231 exercitibus
1021 2175 1111 2248 palam

312 2249 530 2321 desciscentibus
542 2250 635 2303 ceteris
644 2247 778 2304 fortunam
787 2250 930 2305 secuturis.

367 2326 410 2380 et.
430 2325 500 2379 Duru
521 2324 586 2379 baec
602 2335 653 2396 per
668 2325 1021 2397 provinciasaVespasiano
1034 2324 1113 2381 duci-

312 2401 419 2473 busque
427 2400 544 2472 partium
554 2400 823 2475 geruntur-,Vitellius
832 2402 1044 2473 contemptiorin
1054 2401 1112 2457 dies

298 2477 486 2551 ·'aegniorque,
516 2474 548 2529 ad
579 2476 667 2531 omnis
695 2476 904 2547 municipiorum
930 2475 1113 2549 villarumque

313 2552 482 2607 amoenitates
500 2552 638 2617 lesistens‚
659 2552 736 2623 gravi
756 2551 850 2605 urbem
870 2551 978 2625 agmine
994 2552 1110 2623 petebat.

312 2626 453 2700 Sexaginta
463 2625 548 2681 millia
558 2633 720 2681 armatorum
729 2626 919 2698 sequebantur,
930 2625 1039 2685 licentia
1049 2644 1113 2682 oon-

301 2710 404 2773 ¹rupta:
416 2701 538 2757 calonum
550 2718 680 2758 numerus
689 2700 817 2771 amplior:
828 2702 1112 2773 procacissimisetiam

312 2778 381 2833 inter
400 2794 491 2833 servos
511 2776 626 2830 lixarum
646 2776 777 2848 ingeniis:
803 2784 839 2832 tot
853 2776 997 2850 legatorum
1013 2778 1114 2833 amico-

261 2857 264 2862 '
312 2869 429 2925 rumque
446 2851 599 2915 comitatus,
620 2850 749 2909 inhabilis
768 2850 802 2910 ad
822 2851 985 2924 parendum,
1006 2854 1114 2908 etiamsi

313 2926 713 3001 summamodestiarege'retur.
751 2924 1114 2989 Onerabantmultitudinem
