2559 3692
1135 267 1147 323 l

317 449 398 500 ta·
554 451 874 500 maronianum
974 442 1112 516 (numm

288 555 290 559 ’
308 556 354 620 ¹Ao
368 553 467 616 statium
482 552 596 609 inmissa
604 551 714 614 sonae
723 551 866 616 Thrtoum,
877 549 994 623 depulsi,
1004 560 1039 617 ot.
1049 568 1115 608 eon-

232 623 237 636 '
303 627 477 698 *sectantibus
493 627 633 683 Germanis
651 627 821 698 Boeotiaque,
836 643 885 697 per
897 625 982 682 siluas
993 627 1114 699 atquain

316 702 384 773 ipsis
395 701 501 758 latebris
512 701 645 770 tmoidati„
684 700 767 757 llulta
780 701 922 758 hominum
929 699 1112 765 milliasam,

316 775 400 832 multa
410 776 462 832 suh
472 793 565 832 oorona
575 775 735 832 venundata.
773 775 907 847 Cumque,
919 774 1017 832 dirutis
1025 777 1114 830 omni-

315 851 378 917 bus,
393 849 562 915 Aventicum,
577 850 762 922 gentisoaput.
775 850 1112 922 iustoagminepetetetur‚
1147 852 1148 905 l

316 927 404 989 missi,
420 924 468 996 qui
483 924 606 982 dederent
619 925 767 980 ciuitatem:
787 932 814 980 et
821 924 920 986 deditio
928 933 1044 995 aooeptat
1084 926 1112 980 ln

315 999 417 1056 lulium
430 997 569 1069 Alpinum,
590 999 794 1070 eprineipibus,
814 1007 845 1056 ut
861 999 1020 1056 eonoitorern
1037 998 1111 1064 belli,

317 1073 427 1130 Casoine
442 1073 641 1132 animadvertite
662 1082 762 1132 eeteros
775 1075 868 1132 veniae
878 1073 919 1131 vel
932 1074 1058 1131 marilias
1066 1073 1114 1130 Vi-

315 1149 382 1204 asilii
391 1147 508 1218 reliquit.
1148 1180 1149 1255 1

371 1225 413 1276 69.
433 1222 510 1278 Haud
519 1221 595 1281 focile
605 1221 678 1279 dioto
687 1229 737 1287 est,
744 1221 822 1294 legati
832 1221 1012 1279 Helvetiorum
1022 1225 1113 1281 miuus

268 1329 281 1340 -
316 1296 472 1369 placabilem
483 1297 678 1369 imperatorem,
690 1295 858 1361 anmilitem,
869 1297 1030 1354 invenerint.
1068 1297 1114 1354 Ci-

317 1372 407 1426 vitatis
422 1371 555 1428 excidium
572 1379 694 1443 mecum,
710 1370 760 1428 tela
773 1389 913 1428 ao-manus
922 1372 952 1430 in
961 1379 1008 1429 ora
1016 1370 1114 1445 legato

316 1463 378 1502 rum
398 1445 535 1502 intentant.
574 1447 614 1502 Ne
627 1445 751 1502 Vitellius
764 1446 874 1517 quidem
889 1447 971 1504 minis
983 1463 1015 1502 ao
1023 1447 1113 1505 verbis

318 1521 492 1591 temperabam
513 1538 575 1576 oum
592 1520 721 1578 Claudius
735 1520 844 1586 (laesere,
864 1538 937 1577 unus
956 1539 991 1578 ex
1009 1519 1111 1595 legatis,

317 1603 392 1652 notae
402 1591 881 1667 facundiaaseddioendiartemspo
888 1596 1113 1667 trepidationem-

317 1669 420 1726 oultans
431 1678 510 1742 atque
518 1687 549 1728 oo
558 1669 681 1736 validior,
695 1670 788 1726 militis
800 1671 922 1726 animum
931 1671 1075 1744 mitigavit,
1085 1680 1113 1728 ut

307 1753 358 1802 'est
375 1763 434 1800 mos
448 1744 539 1818 vulgo,
558 1744 714 1802 mutabilem
728 1745 836 1810 subitis,
856 1753 882 1800 et
895 1753 950 1801 tam
959 1741 1075 1816 pronum
1085 1748 1113 1802 iu

317 1819 536 1886 misericordiam.
547 1837 630 1894 quam
641 1820 793 1877 inmodicus
802 1821 928 1876 saevitiae
937 1819 1031 1876 luerat.
1067 1821 1113 1878 El-

317 1893 386 1952 fueis
396 1894 522 1961 lacrimis.
534 1903 561 1951 et
569 1894 678 1952 meliora
686 1896 851 1950 oonstantius
859 1894 1026 1965 postulando,
1033 1898 1113 1968 inpu-

318 1972 426 2028 nitatem
435 1971 602 2042 salutemque
611 1969 711 2024 civitati
721 1969 894 2040 inpetravere.

371 2047 417 2106 'lttq
436 2045 653 2114 Caaoinapauoos
663 2044 691 2098 in
702 2042 828 2100 Helvetiis
838 2052 955 2100 moratus
964 2044 1033 2110 dies,
1047 2043 1112 2102 dum

317 2121 460 2195 sententiae
465 2118 563 2175 Vitellii
572 2119 667 2174 certior
675 2117 758 2182 lieret,
765 2118 846 2176 simul
857 2119 1113 2191 transilumdlpium

316 2211 422 2266 parans,
440 2191 537 2247 laetum
555 2209 589 2248 ex
602 2192 675 2246 Italia
689 2194 815 2249 nuntium
828 2195 936 2267 ancipit,
955 2197 1028 2251 olum
1040 2195 1114 2252 Silo·

316 2286 390 2332 nom,
412 2272 484 2324 airon
493 2269 591 2322 Padum
598 2277 723 2337 oymtsm,
742 2279 905 2326 momento
917 2271 1013 2326 Vitellii
1024 2288 1114 2329 occes-

316 2347 388 2398 alese.
416 2343 603 2398 Prooonsulem
613 2343 751 2400 Vitellium
760 2343 862 2418 Syllani
873 2346 902 2401 in
913 2343 1003 2402 Atrion
1010 2344 1115 2402 hebue

317 2424 389 2474 rant:
402 2434 497 2486 ¹laona
508 2417 620 2484 Nerone,
632 2420 700 2476 utin
710 2419 862 2494 Aegyptum
872 2420 1112 2492 praemitterentur,

283 2491 293 2508 ⁸
318 2490 406 2556 exciti,
424 2499 449 2546 ot
461 2492 496 2548 ob
509 2492 611 2550 bellum
624 2494 745 2553 Vindicis
754 2495 878 2560 revocati,
890 2496 1027 2556 aetum-in
1040 2495 1113 2552 ltalia

317 2573 463 2632 manentes,
480 2565 608 2624 instinctu
621 2569 806 2636 decurionum,
826 2571 876 2642 qui
889 2567 1002 2628 Othonia
1014 2571 1113 2643 ignari.

316 2639 421 2698 Vitellio
434 2641 562 2709 omnini,
578 2643 660 2700 robur
675 2644 873 2701 adventantium
887 2643 1023 2718 legionum
1036 2653 1063 2702 ot
1075 2645 1115 2704 lt·

316 2733 389 2770 mam
399 2716 550 2772 Germanioi
560 2719 692 2774 exercitus
699 2718 866 2785 adtollebant.
876 2721 1004 2777 transiere
1012 2721 1042 2776 in
1050 2738 1115 2792 par·

307 2798 370 2846 tas:
392 2799 426 2856 st,
442 2801 478 2848 ut
490 2793 590 2850 donum
606 2792 716 2864 aliquod
728 2810 798 2859 novo
810 2795 936 2866 principi,
957 2792 1115 2854 firmissinm

317 2865 519 2938 Transpadanos
532 2867 648 2940 regionis
660 2867 808 2938 municipia
821 2869 999 2938 Mediolanum
1013 2887 1047 2926 ao
1058 2871 1115 2926 No-

316 2941 416 2998 variam
428 2950 454 2998 et
466 2942 623 3014 Eporediam
633 2959 665 2998 ao
673 2941 805 3000 versellas
815 2945 968 3004 adiunxere,
1009 2945 1037 3012 ld
1047 2945 1115 3002 Cae·
