2559 3692
306 420 354 475 444
440 416 443 429 “
541 422 861 473 nrsroursrruu

305 522 365 583 sset
378 529 438 599 ipse
443 527 601 583 1444444444
612 525 738 589 devertit,
749 533 890 597 praetexto
899 526 1016 583 classem
1026 529 1108 586 adlo-

305 603 420 675 quendi.
444 603 508 658 Mox
520 600 631 658 Patavii
640 609 777 656 secretum
791 602 994 673 componendae
1008 606 1108 675 prodi-

304 678 388 734 tionis
407 678 572 748 quaesitum.
612 678 738 748 Namque
759 676 886 731 Lucilius
903 677 1019 753 Bessus,
1044 690 1109 751 post

304 752 504 825 praefecturam
527 753 600 816 alae,¹
622 752 775 807 Ravennati
796 752 931 807 simulac
953 754 1108 810 Misenensi

305 828 442 883 classibus
464 844 479 881 4
500 826 609 882 Vitellio
628 824 816 897 praepositus,
839 826 915 897 quod
934 844 990 883 non
1011 832 1107 885 statim

304 902 504 975 praefecturam
512 902 643 973 praetorii
650 902 766 972 adeptus
776 900 986 973 loret,iniquam
996 904 1108 961 iracun-

304 978 380 1032 diam
388 974 523 1049 flagitiosa
532 975 649 1047 perlidia
656 976 851 1031 ulciscebatur.
861 978 918 1031 Neo
927 978 994 1032 sciri
1003 987 1109 1051 potest,

306 1054 453 1107 traxeritne
464 1051 623 1115 Caecinam,
639 1068 674 1105 an
684 1048 770 1122 (quod
780 1052 873 1106 evenit
882 1052 955 1107 inter
964 1053 1065 1120 malos,
1078 1064 1109 1111 ut

302 1118 333 1182 ⁴et
345 1125 452 1181 similes
465 1126 534 1197 sint)
549 1126 645 1180 eadem
658 1126 857 1197 illos-«pravitas
869 1128 1015 1199 inpulerit.

365 1204 422 1255 101.
442 1200 594 1272 Scriptores
613 1208 780 1272 temporum,
801 1202 851 1273 qui
870 1198 993 1273 potiente
1010 1221 1107 1261 rerum

306 1276 401 1332 Flavia
416 1275 510 1340 domo,
532 1282 707 1332 monumenta
726 1276 794 1331 belli
809 1276 926 1332 huiusce
940 1294 1107 1350 composue-

305 1357 378 1415 runt,
392 1368 482 1405 curum
493 1357 569 1419 pacis
581 1362 605 1407 et
614 1370 729 1406 umorem
737 1355 904 1420 reipublicae,
915 1364 1068 1425 conruptas
1077 1358 1108 1411 in

306 1426 505 1491 adulationem,
523 1442 629 1481 caussas
641 1426 790 1481 tradidero.
820 1426 920 1492 Nobis,
933 1446 1021 1501 super
1035 1432 1108 1485 iusi-

304 1510 361 1556 tam
375 1492 522 1566 levit'atem,
542 1510 577 1565 et,
592 1497 701 1573 prodito
716 1502 813 1566 Galba,
829 1502 915 1557 vilem
928 1520 995 1559 mox
1010 1504 1105 1570 fidem,

306 1575 488 1631 aemulatione
503 1578 586 1631 etiam
601 1576 773 1647 invidiaque,
789 1594 824 1631 ne
842 1577 877 1631 ab
891 1576 958 1653 aliis
970 1580 1048 1651 apud
1058 1582 1107 1637 Vi-

305 1651 413 1707 tellium
427 1652 583 1716 intonetur,
601 1653 767 1724 pervertisse
780 1653 874 1723 ipsum
888 1652 1010 1709 videtur.
1039 1656 1109 1712 Cae-

305 1728 382 1792 cina,
399 1726 521 1801 legiones
537 1727 697 1792 adsecutus,
718 1726 910 1783 centurionum
927 1729 1107 1802 militumque

306 1804 426 1868 animos,
446 1802 596 1859 obstinatos
611 1820 661 1875 pro
675 1803 800 1868 Vitellio,
815 1803 901 1858 variis
916 1804 1023 1859 ortibus
1037 1806 1108 1861 sub-

305 1879 415 1934 ruebat:
439 1880 521 1935 Basso
532 1878 626 1933 eadem
638 1877 763 1933 molienti
774 1880 863 1934 minor
873 1878 1025 1937 difficultas
1035 1890 1105 1947 erat,

306 1954 413 2010 lubrica
431 1954 465 2009 ad
480 1953 643 2009 mutandam
663 1951 747 2007 fidem
766 1955 867 2019 classe,
887 1954 923 2010 oh
944 1958 1108 2012 memoriam

306 2032 422 2085 recentis
435 2046 486 2101 pro
498 2029 603 2085 Othone
617 2027 743 2082 militiae.
839 2100 844 2110 Ι

590 2194 818 2227 -εορῡα-

515 2329 652 2385 LIBER
690 2330 898 2385 TERTIUS.

326 2514 329 2521 ’
355 2519 528 2561 Breviorium.
551 2520 603 2571 cap.
619 2522 637 2561 1.
650 2522 758 2561 Flauianis
768 2522 794 2560 de
806 2522 888 2561 ratione
901 2522 953 2561 belli
966 2521 1107 2564 deliberanti·

305 2586 345 2625 irus
354 2596 434 2625 morem
443 2588 485 2635 eiii,
502 2588 686 2629 imminutionem
693 2589 798 2628 Antonius
804 2588 888 2627 Primus
897 2588 974 2629 444444
989 2591 1008 2629 8.
1016 2594 1040 2630 et
1049 2592 1107 2632 obti-

304 2658 347 2694 net.
369 2656 389 2693 4.
402 2653 780 2697 Ρ44414440444.4144414444444444.
802 2657 822 2695 4.
834 2656 944 2705 Principes
957 2656 1108 2699 Sarmatarum

303 2722 406 2771 iarygum
415 2724 438 2762 in
447 2726 594 2769 commilitium
606 2718 690 2765 adficiti
713 2723 763 2763 Sido
773 2725 795 2762 et
806 2722 895 2762 14411444
908 2723 1029 2763 suesorum
1041 2736 1108 2775 44444

303 2790 367 2828 444444
380 2790 403 2829 14
415 2794 494 2839 portes.
516 2793 566 2833 (1.4.
578 2792 673 2833 Antonio
684 2792 769 2833 14444444
781 2790 892 2830 invadenti
902 2802 976 2841 44444
984 2794 1020 2832 est
1027 2791 1109 2835 Arrius

303 2856 380 2897 virne.
404 2858 481 2899 uniter
495 2862 558 2901 urbes
571 2863 686 2918 occupent,¹
710 2861 729 2900 4.
742 2858 864 2899 virorem
876 2858 927 2899 helii
938 2859 1008 2917 sedes,
1033 2860 1110 2902 idom

304 2925 383 2967 14444444
391 2929 429 2967 eut
437 2936 485 2968 aero
493 2928 735 2983 nectuntvospaeianus
743 2925 892 2967 4414444444.
910 2928 929 2968 9.
939 2921 1029 2967 Interim
1037 2928 1110 2969 444444

305 2994 384 3035 mutuis
397 2995 494 3043 epistolis
507 2998 587 3039 ostium
602 3000 687 3047 gerunt.
712 2996 745 3035 10.
758 2994 782 3035 Τ.
794 2991 883 3043 Ampius
895 2994 1020 3041 ruvirum,
1040 2997 1110 3039 militi
