2559 3692
269 418 341 475 'ret
529 426 851 475 maroniano!
952 417 1093 491 (suaa.

290 528 368 583 nium
378 542 493 599 egressa,
505 524 650 595 [ordasimo
658 543 768 599 quoque
777 526 896 583 militum
905 526 1036 601 complet:
1051 527 1094 585 illi

290 602 412 657 trabibus
421 599 572 674 tegulisque
580 609 606 655 et
613 600 1091 675 leuibuspropugnatoresdeturbant.

345 680 387 731 34.
408 677 464 731 lam
479 675 595 749 legiones
610 676 639 731 in
654 674 815 732 testudinem
827 674 1056 750 glomerabantur,
1068 688 1094 733 et

290 750 336 807 alii
351 750 400 805 tela
414 767 533 823 saxaque
546 750 719 816 incutiebant,
731 768 795 807 eum
803 748 975 825 lanfflreeoere
985 752 1094 824 paulla-

289 826 339 881 tim
350 824 551 881 Vitellianorum
561 826 655 881 animi.
691 826 725 881 Ut
735 826 798 898 quis
806 826 900 883 ordine
908 826 1036 893 anteibat,
1049 844 1095 882 oe-

220 907 228 923 ‘
290 899 352 955 dere
364 900 496 955 fortunae:
514 916 555 964 ne,
567 898 697 956 Cremona
705 917 815 973 quoque
823 902 923 967 meisa,
933 900 1010 957 nulla
1020 900 1094 957 ultra

289 976 377 1039 venia,
394 974 536 1045 omnisque
550 975 590 1028 ira
600 976 708 1030 victorie
721 992 775 1030 non
788 976 817 1030 in
827 974 926 1049 vulgus
938 976 1029 1047 inops,
1044 977 1094 1032 sed

289 1050 318 1104 in
337 1049 459 1105 tribunos
477 1049 708 1123 mutationesque,
730 1050 777 1105 ubi
789 1050 908 1121 pretium
920 1050 1010 1106 medis
1022 1060 1091 1115 erat.

289 1132 473 1179 reverteretur.
512 1123 657 1196 Gregorius
671 1124 759 1191 miles¹
774 1123 860 1181 luturi
872 1141 963 1181 eooors
976 1133 1003 1179 et
1011 1126 1093 1213 igno-

289 1197 390 1253 bilitate
408 1198 498 1262 tutior,
519 1198 661 1269 perstabat.
699 1199 767 1273 Vagi
780 1216 829 1271 per
838 1200 906 1266 uae.
920 1200 950 1256 in
961 1199 1093 1257 domibus

290 1272 382 1335 abditi,
392 1288 486 1343 paoem
496 1290 531 1327 ne
539 1280 597 1329 tum
608 1273 719 1345 quidem
727 1274 847 1341 orabant,
855 1292 918 1331 cum
927 1268 1033 1331 benum
1042 1294 1094 1349 po-

288 1348 415 1403 suissent.
454 1348 586 1403 Primores
596 1357 744 1406 castrorum
756 1358 947 1423 nomenatque
955 1350 1092 1425 imagines

289 1419 387 1492 Vitellii
398 1422 570 1477 amoliuntur.
600 1422 712 1478 Catenae
721 1424 848 1480 Caecinae
856 1423 929 1497 (nam
939 1424 1020 1481 utam
1031 1433 1091 1481 tum

290 1496 395 1551 uncus
408 1496 472 1569 erat)
486 1497 636 1563 exsolvunt,
652 1506 791 1571 orantque,
806 1507 836 1553 ut
847 1516 1034 1555 eamsaesuae
1044 1500 1093 1557 de-

288 1579 406 1642 precator·
416 1572 532 1628 adsistat.
554 1571 748 1644 Asper-nantem
757 1581 959 1662 tumentemque
969 1573 1091 1630 lacrimis

247 1644 252 1655 '
290 1643 399 1718 fatigant
409 1646 565 1717 (extremum
577 1647 729 1721 malorum).
740 1656 777 1704 tot
785 1646 924 1705 fortissimi
934 1650 988 1705 virl
996 1650 1091 1721 prodi-

289 1721 352 1775 toris
366 1736 444 1793 opem
459 1723 620 1779 invocantes.
659 1723 724 1779 llox
733 1722 882 1779 velamenta
892 1732 920 1782 'et
929 1721 1031 1782 infulas
1042 1742 1091 1797 pro

289 1797 523 1853 murisostentant.
545 1796 614 1855 Cum
623 1796 756 1856 Antonius
764 1797 881 1854 inhiberi
890 1798 941 1855 tela
951 1800 1089 1867 iussisset,

289 1872 365 1945 signa
385 1871 543 1945 aquilasque
561 1872 693 1929 extulere:
723 1881 856 1929 moestum
875 1875 1021 1931 inermium
1042 1893 1091 1949 ag-

289 1962 361 2011 mon,
375 1947 484 2003 deiectis
496 1948 525 2006 in
541 1956 636 2001 terram
645 1946 924 2021 oeulisfsequebatur.
963 1948 1091 2005 Circum-

288 2022 408 2075 stiterant
420 2022 541 2086 victores,
557 2028 582 2075 et
590 2023 679 2092 primo
691 2022 847 2095 ingerebant
855 2024 961 2094 probra,
971 2025 1091 2079 intenta-

290 2095 352 2150 bant
362 2097 443 2151 ietus:
466 2112 537 2160 mox,
545 2100 576 2151 ut
583 2096 948 2167 praeberimaeontumeliis,
959 2100 1090 2170 et,posita

287 2170 361 2223 ornni
371 2168 476 2233 ferocia,
485 2179 579 2224 cuncta
590 2172 654 2226 vieti
663 2172 841 2242 patiebantur,
848 2173 921 2228 subit
929 2172 1088 2239 reeordatie¹

286 2241 347 2297 illos
361 2259 428 2309 esse,
449 2244 498 2316 qui
516 2262 601 2317 nuper
614 2245 734 2303 Bedriaci
746 2247 872 2303 victoriae
883 2256 1087 2319 temperassent.

287 2316 340 2371 Sed
354 2317 401 2373 ubi
415 2317 535 2385 Caecina,
552 2328 686 2393 praetexta
700 2318 893 2395 liotoribusque
904 2321 1034 2396 insignis,
1045 2322 1090 2379 di-

288 2400 357 2447 mota
372 2393 459 2459 turba,
473 2395 566 2451 oonsul
580 2398 699 2462 inoessit,
712 2414 833 2453 exarsem
841 2399 968 2466 victorem
990 2415 1090 2470 super·

287 2468 358 2523 biam
369 2469 561 2541 saevitiamque
569 2470 644 2545 (adeo
652 2473 741 2527 invisa
750 2471 849 2527 seelera
857 2471 1015 2546 suntletiam
1024 2490 1091 2545 per·

287 2540 387 2608 fidiam,
399 2542 572 2601 obieetabant.
593 2544 702 2601 Obstitit
710 2545 851 2611 Antonius,
862 2546 987 2621 datisque
994 2546 1091 2631 detep-

286 2618 402 2685 sumus,
413 2618 447 2673 ad
456 2620 650 2691 Vespasianum
662 2621 766 2677 dimisit

341 2696 383 2749 ab.
412 2693 491 2752 Plebs
515 2696 621 2758 iuterim
641 2695 863 2751 Cremonensium
882 2696 952 2764 inter
970 2704 1091 2754 umatus

286 2764 496 2825 oonlliotabatur:
512 2788 561 2825 neo
569 2769 664 2841 procul
673 2770 751 2825 caede
761 2771 949 2837 oberantem
957 2772 1090 2846 precibus

286 2840 386 2899 dueum
396 2844 455 2899 miti
475 2851 534 2901 atus
544 2852 584 2901 est
593 2843 682 2906 miles.
720 2845 754 2903 Et
767 2854 871 2901 vocatos
883 2844 917 2901 ad
929 2848 1089 2903 ooneionem

286 2916 419 2975 Antonius
427 2918 460 2975 ad
506 2919 737 2995 uitur„magnitiee
746 2919 1091 2986 vicorasvieosclemen·
