<?xml version="1.0" encoding="UTF-8"?>
<!DOCTYPE html PUBLIC "-//W3C//DTD XHTML 1.0 Transitional//EN"
    "http://www.w3.org/TR/xhtml1/DTD/xhtml1-transitional.dtd">
<html xmlns="http://www.w3.org/1999/xhtml" xml:lang="en" lang="en">
 <head>
  <title>
</title>
<meta http-equiv="Content-Type" content="text/html;charset=utf-8" />
  <meta name='ocr-system' content='tesseract 3.04.00' />
  <meta name='ocr-capabilities' content='ocr_page ocr_carea ocr_par ocr_line ocrx_word'/>
</head>
<body>
  <div class='ocr_page' id='page_1' title='image "./operaquoadextan01tacigoog_0318.png"; bbox 0 0 2559 3692; ppageno 0'>
   <div class='ocr_carea' id='block_1_1' title="bbox 311 410 890 481">
    <p class='ocr_par' dir='ltr' id='par_1_1' title="bbox 311 410 890 481">
     <span class='ocr_line' id='line_1_1' title="bbox 311 410 890 481; baseline -0.009 0"><span class='ocrx_word' id='word_1_1' title='bbox 311 426 360 481; x_wconf 79' lang='lat' dir='ltr'><strong>ott</strong></span> <span class='ocrx_word' id='word_1_2' title='bbox 541 430 590 476; x_wconf 81' lang='lat' dir='ltr'><strong>uu</strong></span> <span class='ocrx_word' id='word_1_3' title='bbox 610 410 890 477; x_wconf 78' lang='lat' dir='ltr'><strong>ousroursus&#39;-</strong></span> 
     </span>
    </p>
   </div>
   <div class='ocr_carea' id='block_1_2' title="bbox 309 528 1111 1512">
    <p class='ocr_par' dir='ltr' id='par_1_2' title="bbox 309 528 1111 1056">
     <span class='ocr_line' id='line_1_2' title="bbox 310 528 1109 599; baseline -0.003 -10"><span class='ocrx_word' id='word_1_4' title='bbox 310 534 393 589; x_wconf 86' lang='lat' dir='ltr'><strong>mitus</strong></span> <span class='ocrx_word' id='word_1_5' title='bbox 411 530 585 590; x_wconf 77' lang='lat' dir='ltr'><strong>salutantium</strong></span> <span class='ocrx_word' id='word_1_6' title='bbox 598 546 648 587; x_wconf 87' lang='lat' dir='ltr'><strong>noc</strong></span> <span class='ocrx_word' id='word_1_7' title='bbox 658 528 788 585; x_wconf 72' lang='lat' dir='ltr'><strong>anhelans</strong></span> <span class='ocrx_word' id='word_1_8' title='bbox 797 529 1032 587; x_wconf 71' lang='lat' dir='ltr'><strong>libertosauoioet:</strong></span> <span class='ocrx_word' id='word_1_9' title='bbox 1053 550 1109 599; x_wconf 88' lang='lat' dir='ltr'><strong>nee,</strong></span> 
     </span>
     <span class='ocr_line' id='line_1_3' title="bbox 310 604 1111 682; baseline 0.001 -19"><span class='ocrx_word' id='word_1_10' title='bbox 310 610 426 665; x_wconf 84' lang='lat' dir='ltr'><strong>inoertus</strong></span> <span class='ocrx_word' id='word_1_11' title='bbox 437 606 531 672; x_wconf 85' lang='lat' dir='ltr'><strong>futuri,</strong></span> <span class='ocrx_word' id='word_1_12' title='bbox 540 612 729 661; x_wconf 86' lang='lat' dir='ltr'><strong>tastamentum</strong></span> <span class='ocrx_word' id='word_1_13' title='bbox 737 622 788 677; x_wconf 89' lang='lat' dir='ltr'><strong>pro</strong></span> <span class='ocrx_word' id='word_1_14' title='bbox 795 604 908 682; x_wconf 77' lang='lat' dir='ltr'><strong>pignore</strong></span> <span class='ocrx_word' id='word_1_15' title='bbox 916 606 1054 663; x_wconf 86' lang='lat' dir='ltr'><strong>scribam:</strong></span> <span class='ocrx_word' id='word_1_16' title='bbox 1065 625 1111 665; x_wconf 87' lang='lat' dir='ltr'><strong>nec</strong></span> 
     </span>
     <span class='ocr_line' id='line_1_4' title="bbox 309 679 1111 755; baseline 0 -18"><span class='ocrx_word' id='word_1_17' title='bbox 309 682 373 755; x_wconf 92' lang='lat' dir='ltr'><strong>plus</strong></span> <span class='ocrx_word' id='word_1_18' title='bbox 382 682 504 747; x_wconf 84' lang='lat' dir='ltr'><strong>habeam,</strong></span> <span class='ocrx_word' id='word_1_19' title='bbox 515 698 598 754; x_wconf 84' lang='lat' dir='ltr'><strong>quam</strong></span> <span class='ocrx_word' id='word_1_20' title='bbox 607 680 681 753; x_wconf 91' lang='lat' dir='ltr'><strong>quod</strong></span> <span class='ocrx_word' id='word_1_21' title='bbox 687 681 801 752; x_wconf 89' lang='lat' dir='ltr'><strong>possim,</strong></span> <span class='ocrx_word' id='word_1_22' title='bbox 808 681 860 748; x_wconf 21' lang='lat' dir='ltr'><strong>&lt;oui</strong></span> <span class='ocrx_word' id='word_1_23' title='bbox 868 679 962 747; x_wconf 85' lang='lat' dir='ltr'><strong>velim,</strong></span> <span class='ocrx_word' id='word_1_24' title='bbox 973 680 1111 754; x_wconf 83' lang='lat' dir='ltr'><strong>relinque·</strong></span> 
     </span>
     <span class='ocr_line' id='line_1_5' title="bbox 310 753 1110 832; baseline -0.001 -20"><span class='ocrx_word' id='word_1_25' title='bbox 310 774 348 822; x_wconf 89' lang='lat' dir='ltr'><strong>re,</strong></span> <span class='ocrx_word' id='word_1_26' title='bbox 360 756 585 832; x_wconf 77' lang='lat' dir='ltr'><strong>quandocumque</strong></span> <span class='ocrx_word' id='word_1_27' title='bbox 597 753 683 811; x_wconf 82' lang='lat' dir='ltr'><strong>fatalis</strong></span> <span class='ocrx_word' id='word_1_28' title='bbox 693 762 719 809; x_wconf 88' lang='lat' dir='ltr'><strong>st</strong></span> <span class='ocrx_word' id='word_1_29' title='bbox 728 772 806 811; x_wconf 81' lang='lat' dir='ltr'><strong>matrs</strong></span> <span class='ocrx_word' id='word_1_30' title='bbox 814 754 873 810; x_wconf 89' lang='lat' dir='ltr'><strong>diss</strong></span> <span class='ocrx_word' id='word_1_31' title='bbox 881 756 983 811; x_wconf 78' lang='lat' dir='ltr'><strong>veniat.</strong></span> <span class='ocrx_word' id='word_1_32' title='bbox 1025 756 1110 811; x_wconf 86' lang='lat' dir='ltr'><strong>Statu-</strong></span> 
     </span>
     <span class='ocr_line' id='line_1_6' title="bbox 310 828 1109 905; baseline 0 -18"><span class='ocrx_word' id='word_1_33' title='bbox 310 849 393 905; x_wconf 85' lang='lat' dir='ltr'><strong>arqus</strong></span> <span class='ocrx_word' id='word_1_34' title='bbox 402 830 575 896; x_wconf 67' lang='lat' dir='ltr'><strong>tumulemus</strong></span> <span class='ocrx_word' id='word_1_35' title='bbox 584 828 992 895; x_wconf 81' lang='lat' dir='ltr'><strong>moestusetatrox,sedl1ilaris</strong></span> <span class='ocrx_word' id='word_1_36' title='bbox 1003 839 1032 886; x_wconf 87' lang='lat' dir='ltr'><strong>st</strong></span> <span class='ocrx_word' id='word_1_37' title='bbox 1041 849 1109 887; x_wconf 76' lang='lat' dir='ltr'><strong>coro</strong></span> 
     </span>
     <span class='ocr_line' id='line_1_7' title="bbox 310 902 1105 979; baseline 0 -18"><span class='ocrx_word' id='word_1_38' title='bbox 310 916 402 963; x_wconf 84' lang='lat' dir='ltr'><strong>natus:</strong></span> <span class='ocrx_word' id='word_1_39' title='bbox 422 904 449 961; x_wconf 86' lang='lat' dir='ltr'><strong>e&#39;t</strong></span> <span class='ocrx_word' id='word_1_40' title='bbox 467 922 515 977; x_wconf 90' lang='lat' dir='ltr'><strong>pro</strong></span> <span class='ocrx_word' id='word_1_41' title='bbox 533 902 662 961; x_wconf 80' lang='lat' dir='ltr'><strong>memoria</strong></span> <span class='ocrx_word' id='word_1_42' title='bbox 679 905 734 960; x_wconf 85' lang='lat' dir='ltr'><strong>mei</strong></span> <span class='ocrx_word' id='word_1_43' title='bbox 752 922 803 960; x_wconf 89' lang='lat' dir='ltr'><strong>noo</strong></span> <span class='ocrx_word' id='word_1_44' title='bbox 813 903 937 961; x_wconf 88' lang='lat' dir='ltr'><strong>consulat</strong></span> <span class='ocrx_word' id='word_1_45' title='bbox 949 906 1105 979; x_wconf 88' lang='lat' dir='ltr'><strong>quisquam,</strong></span> 
     </span>
     <span class='ocr_line' id='line_1_8' title="bbox 310 989 876 1056; baseline -0.011 -20"><span class='ocrx_word' id='word_1_46' title='bbox 310 996 359 1037; x_wconf 84' lang='lat' dir='ltr'><strong>nec</strong></span> <span class='ocrx_word' id='word_1_47' title='bbox 370 989 461 1056; x_wconf 84' lang='lat' dir='ltr'><strong>roget..</strong></span> <span class='ocrx_word' id='word_1_48' title='bbox 872 1020 876 1030; x_wconf 95' lang='lat'><em>.</em></span> 
     </span>
    </p>

    <p class='ocr_par' dir='ltr' id='par_1_3' title="bbox 310 1053 1108 1512">
     <span class='ocr_line' id='line_1_9' title="bbox 365 1053 1107 1136; baseline -0.001 -16"><span class='ocrx_word' id='word_1_49' title='bbox 365 1068 407 1122; x_wconf 79' lang='lat' dir='ltr'><strong>ll.</strong></span> <span class='ocrx_word' id='word_1_50' title='bbox 427 1053 546 1121; x_wconf 79' lang='lat' dir='ltr'><strong>Vixdum</strong></span> <span class='ocrx_word' id='word_1_51' title='bbox 561 1061 665 1117; x_wconf 85' lang='lat' dir='ltr'><strong>linierat</strong></span> <span class='ocrx_word' id='word_1_52' title='bbox 677 1062 821 1127; x_wconf 73' lang='lat' dir='ltr'><strong>Maternus,</strong></span> <span class='ocrx_word' id='word_1_53' title='bbox 837 1062 986 1117; x_wconf 88' lang='lat' dir='ltr'><strong>ooncitatus</strong></span> <span class='ocrx_word' id='word_1_54' title='bbox 1000 1063 1107 1136; x_wconf 63' lang='lat' dir='ltr'><strong>etyelut</strong></span> 
     </span>
     <span class='ocr_line' id='line_1_10' title="bbox 310 1135 1108 1208; baseline -0.003 -13"><span class='ocrx_word' id='word_1_55' title='bbox 310 1141 462 1204; x_wconf 86' lang='lat' dir='ltr'><strong>instinctus,</strong></span> <span class='ocrx_word' id='word_1_56' title='bbox 477 1154 540 1192; x_wconf 88' lang='lat' dir='ltr'><strong>cum</strong></span> <span class='ocrx_word' id='word_1_57' title='bbox 551 1135 697 1208; x_wconf 73' lang='lat' dir='ltr'><strong>Vipstanus</strong></span> <span class='ocrx_word' id='word_1_58' title='bbox 706 1136 819 1193; x_wconf 77' lang='lat' dir='ltr'><strong>Messala</strong></span> <span class='ocrx_word' id='word_1_59' title='bbox 828 1136 989 1193; x_wconf 79' lang='lat' dir='ltr'><strong>cubiculum</strong></span> <span class='ocrx_word' id='word_1_60' title='bbox 999 1139 1061 1195; x_wconf 87' lang='lat' dir='ltr'><strong>eius</strong></span> <span class='ocrx_word' id='word_1_61' title='bbox 1069 1140 1108 1193; x_wconf 90' lang='lat' dir='ltr'><strong>in-</strong></span> 
     </span>
     <span class='ocr_line' id='line_1_11' title="bbox 310 1211 1108 1289; baseline -0.001 -20"><span class='ocrx_word' id='word_1_62' title='bbox 310 1230 419 1289; x_wconf 84' lang='lat' dir='ltr'><strong>gressus</strong></span> <span class='ocrx_word' id='word_1_63' title='bbox 433 1220 482 1277; x_wconf 83' lang='lat' dir='ltr'><strong>ast,</strong></span> <span class='ocrx_word' id='word_1_64' title='bbox 497 1212 703 1284; x_wconf 80' lang='lat' dir='ltr'><strong>suspicatusque</strong></span> <span class='ocrx_word' id='word_1_65' title='bbox 716 1228 751 1267; x_wconf 86' lang='lat' dir='ltr'><strong>ex</strong></span> <span class='ocrx_word' id='word_1_66' title='bbox 763 1212 822 1282; x_wconf 87' lang='lat' dir='ltr'><strong>ipsa</strong></span> <span class='ocrx_word' id='word_1_67' title='bbox 831 1211 980 1277; x_wconf 82' lang='lat' dir='ltr'><strong>intentione</strong></span> <span class='ocrx_word' id='word_1_68' title='bbox 990 1213 1108 1287; x_wconf 53' lang='lat' dir='ltr'><strong>mumdu-</strong></span> 
     </span>
     <span class='ocr_line' id='line_1_12' title="bbox 310 1287 1106 1359; baseline -0.003 -15"><span class='ocrx_word' id='word_1_69' title='bbox 310 1306 382 1354; x_wconf 89' lang='lat' dir='ltr'><strong>rum,</strong></span> <span class='ocrx_word' id='word_1_70' title='bbox 403 1287 521 1342; x_wconf 88' lang='lat' dir='ltr'><strong>altiorem</strong></span> <span class='ocrx_word' id='word_1_71' title='bbox 535 1288 604 1341; x_wconf 85' lang='lat' dir='ltr'><strong>inter</strong></span> <span class='ocrx_word' id='word_1_72' title='bbox 617 1302 663 1341; x_wconf 86' lang='lat' dir='ltr'><strong>eos</strong></span> <span class='ocrx_word' id='word_1_73' title='bbox 673 1299 907 1342; x_wconf 83' lang='lat' dir='ltr'><strong>ossosermonem:</strong></span> <span class='ocrx_word' id='word_1_74' title='bbox 928 1287 1005 1342; x_wconf 90' lang='lat' dir='ltr'><strong>Num</strong></span> <span class='ocrx_word' id='word_1_75' title='bbox 1015 1305 1106 1359; x_wconf 83' lang='lat' dir='ltr'><strong>parurn</strong></span> 
     </span>
     <span class='ocr_line' id='line_1_13' title="bbox 310 1362 1107 1435; baseline 0.001 -17"><span class='ocrx_word' id='word_1_76' title='bbox 310 1363 494 1435; x_wconf 81' lang='lat' dir='ltr'><strong>tempestivus,</strong></span> <span class='ocrx_word' id='word_1_77' title='bbox 508 1362 606 1433; x_wconf 86' lang='lat' dir='ltr'><strong>inquit,</strong></span> <span class='ocrx_word' id='word_1_78' title='bbox 625 1362 767 1427; x_wconf 83' lang='lat' dir='ltr'><strong>interveni,</strong></span> <span class='ocrx_word' id='word_1_79' title='bbox 787 1368 918 1417; x_wconf 59' lang='lat' dir='ltr'><strong>seudum</strong></span> <span class='ocrx_word' id='word_1_80' title='bbox 928 1362 1107 1419; x_wconf 79' lang='lat' dir='ltr'><strong>consiliumet</strong></span> 
     </span>
     <span class='ocr_line' id='line_1_14' title="bbox 310 1428 950 1512; baseline -0.003 -19"><span class='ocrx_word' id='word_1_81' title='bbox 310 1453 420 1493; x_wconf 86' lang='lat' dir='ltr'><strong>caussae</strong></span> <span class='ocrx_word' id='word_1_82' title='bbox 429 1428 543 1492; x_wconf 87' lang='lat' dir='ltr'><strong>alieuius</strong></span> <span class='ocrx_word' id='word_1_83' title='bbox 553 1436 749 1491; x_wconf 83' lang='lat' dir='ltr'><strong>meditationem</strong></span> <span class='ocrx_word' id='word_1_84' title='bbox 758 1435 950 1512; x_wconf 75' lang='lat' dir='ltr'><strong>tractantibus?</strong></span> 
     </span>
    </p>
   </div>
   <div class='ocr_carea' id='block_1_3' title="bbox 309 1543 1109 2070">
    <p class='ocr_par' dir='ltr' id='par_1_4' title="bbox 309 1543 1109 2070">
     <span class='ocr_line' id='line_1_15' title="bbox 364 1543 1107 1620; baseline 0 -18"><span class='ocrx_word' id='word_1_85' title='bbox 364 1546 485 1613; x_wconf 86' lang='lat' dir='ltr'><strong>Minime,</strong></span> <span class='ocrx_word' id='word_1_86' title='bbox 495 1547 617 1612; x_wconf 88' lang='lat' dir='ltr'><strong>minime,</strong></span> <span class='ocrx_word' id='word_1_87' title='bbox 628 1546 717 1620; x_wconf 90' lang='lat' dir='ltr'><strong>inquit</strong></span> <span class='ocrx_word' id='word_1_88' title='bbox 727 1543 874 1610; x_wconf 80' lang='lat' dir='ltr'><strong>Secundus,</strong></span> <span class='ocrx_word' id='word_1_89' title='bbox 886 1551 968 1618; x_wconf 86' lang='lat' dir='ltr'><strong>atque</strong></span> <span class='ocrx_word' id='word_1_90' title='bbox 977 1544 1047 1603; x_wconf 82' lang='lat' dir='ltr'><strong>adso</strong></span> <span class='ocrx_word' id='word_1_91' title='bbox 1056 1547 1107 1603; x_wconf 81' lang='lat' dir='ltr'><strong>vel</strong></span> 
     </span>
     <span class='ocr_line' id='line_1_16' title="bbox 311 1619 1107 1695; baseline 0 -18"><span class='ocrx_word' id='word_1_92' title='bbox 311 1621 363 1677; x_wconf 88' lang='lat' dir='ltr'><strong>lem</strong></span> <span class='ocrx_word' id='word_1_93' title='bbox 373 1620 504 1677; x_wconf 87' lang='lat' dir='ltr'><strong>maturius</strong></span> <span class='ocrx_word' id='word_1_94' title='bbox 514 1620 713 1695; x_wconf 70' lang='lat' dir='ltr'><strong>intervenisses.</strong></span> <span class='ocrx_word' id='word_1_95' title='bbox 724 1620 881 1676; x_wconf 80' lang='lat' dir='ltr'><strong>Delectasset</strong></span> <span class='ocrx_word' id='word_1_96' title='bbox 890 1619 965 1675; x_wconf 86' lang='lat' dir='ltr'><strong>enim</strong></span> <span class='ocrx_word' id='word_1_97' title='bbox 975 1630 1004 1676; x_wconf 87' lang='lat' dir='ltr'><strong>te</strong></span> <span class='ocrx_word' id='word_1_98' title='bbox 1014 1631 1041 1677; x_wconf 88' lang='lat' dir='ltr'><strong>et</strong></span> <span class='ocrx_word' id='word_1_99' title='bbox 1047 1621 1107 1695; x_wconf 80' lang='lat' dir='ltr'><strong>Apri</strong></span> 
     </span>
     <span class='ocr_line' id='line_1_17' title="bbox 310 1694 1108 1761; baseline 0 -8"><span class='ocrx_word' id='word_1_100' title='bbox 310 1696 393 1753; x_wconf 82' lang='lat' dir='ltr'><strong>nostri</strong></span> <span class='ocrx_word' id='word_1_101' title='bbox 407 1694 625 1753; x_wconf 85' lang='lat' dir='ltr'><strong>adcuratissimus</strong></span> <span class='ocrx_word' id='word_1_102' title='bbox 635 1698 734 1761; x_wconf 84' lang='lat' dir='ltr'><strong>bermo,</strong></span> <span class='ocrx_word' id='word_1_103' title='bbox 746 1712 808 1751; x_wconf 87' lang='lat' dir='ltr'><strong>cum</strong></span> <span class='ocrx_word' id='word_1_104' title='bbox 818 1696 980 1761; x_wconf 75' lang='lat' dir='ltr'><strong>Maternum,</strong></span> <span class='ocrx_word' id='word_1_105' title='bbox 993 1705 1025 1751; x_wconf 85' lang='lat' dir='ltr'><strong>ut</strong></span> <span class='ocrx_word' id='word_1_106' title='bbox 1033 1714 1108 1753; x_wconf 85' lang='lat' dir='ltr'><strong>omne</strong></span> 
     </span>
     <span class='ocr_line' id='line_1_18' title="bbox 309 1768 1109 1847; baseline 0.001 -21"><span class='ocrx_word' id='word_1_107' title='bbox 309 1772 453 1847; x_wconf 70' lang='lat' dir='ltr'><strong>ingenium,</strong></span> <span class='ocrx_word' id='word_1_108' title='bbox 468 1788 498 1829; x_wconf 91' lang='lat' dir='ltr'><strong>ac</strong></span> <span class='ocrx_word' id='word_1_109' title='bbox 517 1770 637 1827; x_wconf 88' lang='lat' dir='ltr'><strong>studium</strong></span> <span class='ocrx_word' id='word_1_110' title='bbox 650 1779 732 1826; x_wconf 68' lang='lat' dir='ltr'><strong>suum·</strong></span> <span class='ocrx_word' id='word_1_111' title='bbox 745 1768 779 1825; x_wconf 90' lang='lat' dir='ltr'><strong>ad</strong></span> <span class='ocrx_word' id='word_1_112' title='bbox 792 1773 901 1844; x_wconf 78' lang='lat' dir='ltr'><strong>caussas</strong></span> <span class='ocrx_word' id='word_1_113' title='bbox 914 1769 1038 1844; x_wconf 79' lang='lat' dir='ltr'><strong>agendas</strong></span> <span class='ocrx_word' id='word_1_114' title='bbox 1051 1790 1109 1827; x_wconf 90' lang='lat' dir='ltr'><strong>oon-</strong></span> 
     </span>
     <span class='ocr_line' id='line_1_19' title="bbox 309 1842 1108 1917; baseline -0.001 -15"><span class='ocrx_word' id='word_1_115' title='bbox 309 1850 430 1913; x_wconf 87' lang='lat' dir='ltr'><strong>vcrteret,</strong></span> <span class='ocrx_word' id='word_1_116' title='bbox 438 1842 594 1902; x_wconf 81' lang='lat' dir='ltr'><strong>&#39;exhortatus</strong></span> <span class='ocrx_word' id='word_1_117' title='bbox 603 1853 653 1912; x_wconf 85' lang='lat' dir='ltr'><strong>est,</strong></span> <span class='ocrx_word' id='word_1_118' title='bbox 661 1853 687 1901; x_wconf 89' lang='lat' dir='ltr'><strong>et</strong></span> <span class='ocrx_word' id='word_1_119' title='bbox 695 1845 807 1900; x_wconf 82' lang='lat' dir='ltr'><strong>Materni</strong></span> <span class='ocrx_word' id='word_1_120' title='bbox 814 1862 864 1917; x_wconf 92' lang='lat' dir='ltr'><strong>pro</strong></span> <span class='ocrx_word' id='word_1_121' title='bbox 872 1846 1045 1902; x_wconf 82' lang='lat' dir='ltr'><strong>carminibus</strong></span> <span class='ocrx_word' id='word_1_122' title='bbox 1055 1848 1108 1902; x_wconf 89' lang='lat' dir='ltr'><strong>suis</strong></span> 
     </span>
     <span class='ocr_line' id='line_1_20' title="bbox 309 1916 1109 1997; baseline 0.001 -21"><span class='ocrx_word' id='word_1_123' title='bbox 309 1921 385 1989; x_wconf 88' lang='lat' dir='ltr'><strong>laeta,</strong></span> <span class='ocrx_word' id='word_1_124' title='bbox 393 1929 478 1995; x_wconf 87' lang='lat' dir='ltr'><strong>utque</strong></span> <span class='ocrx_word' id='word_1_125' title='bbox 486 1928 575 1993; x_wconf 88' lang='lat' dir='ltr'><strong>poetas</strong></span> <span class='ocrx_word' id='word_1_126' title='bbox 585 1919 692 1977; x_wconf 85' lang='lat' dir='ltr'><strong>dolendi</strong></span> <span class='ocrx_word' id='word_1_127' title='bbox 701 1916 818 1985; x_wconf 81' lang='lat' dir='ltr'><strong>do&#39;oebat,</strong></span> <span class='ocrx_word' id='word_1_128' title='bbox 828 1918 979 1997; x_wconf 84' lang='lat' dir='ltr'><strong>audentior,</strong></span> <span class='ocrx_word' id='word_1_129' title='bbox 986 1930 1015 1977; x_wconf 90' lang='lat' dir='ltr'><strong>et</strong></span> <span class='ocrx_word' id='word_1_130' title='bbox 1022 1930 1109 1995; x_wconf 87' lang='lat' dir='ltr'><strong>poeta-</strong></span> 
     </span>
     <span class='ocr_line' id='line_1_21' title="bbox 309 1994 840 2070; baseline -0.002 -18"><span class='ocrx_word' id='word_1_131' title='bbox 309 2016 370 2053; x_wconf 87' lang='lat' dir='ltr'><strong>rum</strong></span> <span class='ocrx_word' id='word_1_132' title='bbox 381 2014 462 2070; x_wconf 89' lang='lat' dir='ltr'><strong>quam</strong></span> <span class='ocrx_word' id='word_1_133' title='bbox 473 2005 605 2053; x_wconf 86' lang='lat' dir='ltr'><strong>oratorum</strong></span> <span class='ocrx_word' id='word_1_134' title='bbox 613 1994 738 2061; x_wconf 81' lang='lat' dir='ltr'><strong>similior,</strong></span> <span class='ocrx_word' id='word_1_135' title='bbox 748 1996 840 2051; x_wconf 87' lang='lat' dir='ltr'><strong>oratio.</strong></span> 
     </span>
    </p>
   </div>
   <div class='ocr_carea' id='block_1_4' title="bbox 282 2090 1108 3011">
    <p class='ocr_par' dir='ltr' id='par_1_5' title="bbox 307 2090 1108 2925">
     <span class='ocr_line' id='line_1_22' title="bbox 363 2090 1108 2177; baseline 0.001 -16"><span class='ocrx_word' id='word_1_136' title='bbox 363 2106 406 2161; x_wconf 88' lang='lat' dir='ltr'><strong>Me</strong></span> <span class='ocrx_word' id='word_1_137' title='bbox 416 2122 487 2171; x_wconf 86' lang='lat' dir='ltr'><strong>vero,</strong></span> <span class='ocrx_word' id='word_1_138' title='bbox 499 2104 597 2176; x_wconf 90' lang='lat' dir='ltr'><strong>inquit,</strong></span> <span class='ocrx_word' id='word_1_139' title='bbox 608 2110 634 2159; x_wconf 89' lang='lat' dir='ltr'><strong>et</strong></span> <span class='ocrx_word' id='word_1_140' title='bbox 642 2120 730 2167; x_wconf 85' lang='lat' dir='ltr'><strong>sermo</strong></span> <span class='ocrx_word' id='word_1_141' title='bbox 739 2105 799 2176; x_wconf 85' lang='lat' dir='ltr'><strong>ipse</strong></span> <span class='ocrx_word' id='word_1_142' title='bbox 806 2090 1058 2177; x_wconf 81' lang='lat' dir='ltr'><strong>inlinitaroluptate</strong></span> <span class='ocrx_word' id='word_1_143' title='bbox 1067 2106 1108 2161; x_wconf 88' lang='lat' dir='ltr'><strong>ad·</strong></span> 
     </span>
     <span class='ocr_line' id='line_1_23' title="bbox 310 2179 1108 2254; baseline 0.001 -19"><span class='ocrx_word' id='word_1_144' title='bbox 310 2179 423 2247; x_wconf 86' lang='lat' dir='ltr'><strong>iecisset,</strong></span> <span class='ocrx_word' id='word_1_145' title='bbox 434 2189 514 2253; x_wconf 84' lang='lat' dir='ltr'><strong>atquo</strong></span> <span class='ocrx_word' id='word_1_146' title='bbox 525 2181 553 2234; x_wconf 91' lang='lat' dir='ltr'><strong>id</strong></span> <span class='ocrx_word' id='word_1_147' title='bbox 566 2181 658 2252; x_wconf 85' lang='lat' dir='ltr'><strong>ipsum</strong></span> <span class='ocrx_word' id='word_1_148' title='bbox 665 2179 870 2252; x_wconf 82' lang='lat' dir='ltr'><strong>delectat,quod</strong></span> <span class='ocrx_word' id='word_1_149' title='bbox 877 2196 938 2245; x_wconf 84' lang='lat' dir='ltr'><strong>vos,</strong></span> <span class='ocrx_word' id='word_1_150' title='bbox 948 2182 1007 2235; x_wconf 83' lang='lat' dir='ltr'><strong>viri</strong></span> <span class='ocrx_word' id='word_1_151' title='bbox 1016 2182 1108 2254; x_wconf 87' lang='lat' dir='ltr'><strong>optimi</strong></span> 
     </span>
     <span class='ocr_line' id='line_1_24' title="bbox 309 2253 1108 2326; baseline 0.003 -17"><span class='ocrx_word' id='word_1_152' title='bbox 309 2263 335 2309; x_wconf 90' lang='lat' dir='ltr'><strong>et</strong></span> <span class='ocrx_word' id='word_1_153' title='bbox 348 2261 496 2326; x_wconf 88' lang='lat' dir='ltr'><strong>temporum</strong></span> <span class='ocrx_word' id='word_1_154' title='bbox 512 2262 663 2311; x_wconf 88' lang='lat' dir='ltr'><strong>nostrorum</strong></span> <span class='ocrx_word' id='word_1_155' title='bbox 673 2262 799 2320; x_wconf 69' lang='lat' dir='ltr'><strong>matures,</strong></span> <span class='ocrx_word' id='word_1_156' title='bbox 819 2272 873 2311; x_wconf 88' lang='lat' dir='ltr'><strong>non</strong></span> <span class='ocrx_word' id='word_1_157' title='bbox 885 2253 1045 2311; x_wconf 85' lang='lat' dir='ltr'><strong>forensibus</strong></span> <span class='ocrx_word' id='word_1_158' title='bbox 1054 2266 1108 2311; x_wconf 87' lang='lat' dir='ltr'><strong>tan·</strong></span> 
     </span>
     <span class='ocr_line' id='line_1_25' title="bbox 308 2326 1107 2403; baseline 0.001 -18"><span class='ocrx_word' id='word_1_159' title='bbox 308 2336 367 2385; x_wconf 88' lang='lat' dir='ltr'><strong>tum</strong></span> <span class='ocrx_word' id='word_1_160' title='bbox 380 2330 492 2403; x_wconf 78' lang='lat' dir='ltr'><strong>negotiis</strong></span> <span class='ocrx_word' id='word_1_161' title='bbox 506 2337 532 2384; x_wconf 86' lang='lat' dir='ltr'><strong>et</strong></span> <span class='ocrx_word' id='word_1_162' title='bbox 545 2326 729 2390; x_wconf 83' lang='lat' dir='ltr'><strong>declamatorio</strong></span> <span class='ocrx_word' id='word_1_163' title='bbox 743 2328 831 2385; x_wconf 88' lang='lat' dir='ltr'><strong>studio</strong></span> <span class='ocrx_word' id='word_1_164' title='bbox 843 2331 952 2403; x_wconf 80' lang='lat' dir='ltr'><strong>ingenia</strong></span> <span class='ocrx_word' id='word_1_165' title='bbox 961 2341 1056 2386; x_wconf 78' lang='lat' dir='ltr'><strong>vestra</strong></span> <span class='ocrx_word' id='word_1_166' title='bbox 1065 2349 1107 2386; x_wconf 84' lang='lat' dir='ltr'><strong>ax·</strong></span> 
     </span>
     <span class='ocr_line' id='line_1_26' title="bbox 309 2403 1104 2475; baseline 0.003 -16"><span class='ocrx_word' id='word_1_167' title='bbox 309 2404 412 2469; x_wconf 72' lang='lat' dir='ltr'><strong>mostis,</strong></span> <span class='ocrx_word' id='word_1_168' title='bbox 434 2404 482 2458; x_wconf 86' lang='lat' dir='ltr'><strong>sed</strong></span> <span class='ocrx_word' id='word_1_169' title='bbox 500 2404 631 2464; x_wconf 65' lang='lat' dir='ltr'><strong>oiumodi</strong></span> <span class='ocrx_word' id='word_1_170' title='bbox 648 2406 727 2460; x_wconf 57' lang='lat' dir='ltr'><strong>Mam</strong></span> <span class='ocrx_word' id='word_1_171' title='bbox 743 2403 935 2475; x_wconf 84' lang='lat' dir='ltr'><strong>disputationes</strong></span> <span class='ocrx_word' id='word_1_172' title='bbox 951 2404 1104 2471; x_wconf 68' lang='lat' dir='ltr'><strong>adsumitis,</strong></span> 
     </span>
     <span class='ocr_line' id='line_1_27' title="bbox 308 2478 1105 2552; baseline 0.004 -19"><span class='ocrx_word' id='word_1_173' title='bbox 308 2494 378 2551; x_wconf 89' lang='lat' dir='ltr'><strong>quae</strong></span> <span class='ocrx_word' id='word_1_174' title='bbox 387 2484 413 2532; x_wconf 91' lang='lat' dir='ltr'><strong>et</strong></span> <span class='ocrx_word' id='word_1_175' title='bbox 424 2478 564 2552; x_wconf 77' lang='lat' dir='ltr'><strong>ingenium</strong></span> <span class='ocrx_word' id='word_1_176' title='bbox 573 2478 657 2546; x_wconf 86' lang='lat' dir='ltr'><strong>alunt,</strong></span> <span class='ocrx_word' id='word_1_177' title='bbox 672 2479 861 2535; x_wconf 82' lang='lat' dir='ltr'><strong>ctetuditionis</strong></span> <span class='ocrx_word' id='word_1_178' title='bbox 870 2486 896 2533; x_wconf 87' lang='lat' dir='ltr'><strong>et</strong></span> <span class='ocrx_word' id='word_1_179' title='bbox 904 2478 1059 2536; x_wconf 76' lang='lat' dir='ltr'><strong>litterarium</strong></span> <span class='ocrx_word' id='word_1_180' title='bbox 1068 2481 1105 2535; x_wconf 88' lang='lat' dir='ltr'><strong>iu·</strong></span> 
     </span>
     <span class='ocr_line' id='line_1_28' title="bbox 308 2552 1104 2627; baseline 0.003 -18"><span class='ocrx_word' id='word_1_181' title='bbox 308 2552 506 2610; x_wconf 87' lang='lat' dir='ltr'><strong>cundissimum</strong></span> <span class='ocrx_word' id='word_1_182' title='bbox 518 2552 738 2611; x_wconf 70' lang='lat' dir='ltr'><strong>oblectamentmn</strong></span> <span class='ocrx_word' id='word_1_183' title='bbox 753 2558 816 2613; x_wconf 81' lang='lat' dir='ltr'><strong>oum</strong></span> <span class='ocrx_word' id='word_1_184' title='bbox 830 2554 917 2625; x_wconf 82' lang='lat' dir='ltr'><strong>vobis,</strong></span> <span class='ocrx_word' id='word_1_185' title='bbox 932 2556 984 2627; x_wconf 85' lang='lat' dir='ltr'><strong>qni</strong></span> <span class='ocrx_word' id='word_1_186' title='bbox 997 2555 1104 2611; x_wconf 85' lang='lat' dir='ltr'><strong>illadis·</strong></span> 
     </span>
     <span class='ocr_line' id='line_1_29' title="bbox 308 2627 1103 2703; baseline 0.005 -21"><span class='ocrx_word' id='word_1_187' title='bbox 308 2629 417 2701; x_wconf 90' lang='lat' dir='ltr'><strong>putatis,</strong></span> <span class='ocrx_word' id='word_1_188' title='bbox 428 2627 559 2695; x_wconf 82' lang='lat' dir='ltr'><strong>adierunt,</strong></span> <span class='ocrx_word' id='word_1_189' title='bbox 570 2638 628 2684; x_wconf 89' lang='lat' dir='ltr'><strong>tum</strong></span> <span class='ocrx_word' id='word_1_190' title='bbox 638 2630 718 2685; x_wconf 83' lang='lat' dir='ltr'><strong>etiarn</strong></span> <span class='ocrx_word' id='word_1_191' title='bbox 726 2628 822 2695; x_wconf 87' lang='lat' dir='ltr'><strong>his,ad</strong></span> <span class='ocrx_word' id='word_1_192' title='bbox 829 2646 948 2702; x_wconf 82' lang='lat' dir='ltr'><strong>quorum</strong></span> <span class='ocrx_word' id='word_1_193' title='bbox 956 2647 1041 2686; x_wconf 82' lang='lat' dir='ltr'><strong>auras</strong></span> <span class='ocrx_word' id='word_1_194' title='bbox 1049 2648 1103 2703; x_wconf 87' lang='lat' dir='ltr'><strong>per·</strong></span> 
     </span>
     <span class='ocr_line' id='line_1_30' title="bbox 308 2700 1102 2777; baseline 0.003 -20"><span class='ocrx_word' id='word_1_195' title='bbox 308 2700 453 2759; x_wconf 77' lang='lat' dir='ltr'><strong>venerint&#39;</strong></span> <span class='ocrx_word' id='word_1_196' title='bbox 477 2704 569 2777; x_wconf 87' lang='lat' dir='ltr'><strong>ltaque</strong></span> <span class='ocrx_word' id='word_1_197' title='bbox 582 2702 694 2759; x_wconf 85' lang='lat' dir='ltr'><strong>Hercule</strong></span> <span class='ocrx_word' id='word_1_198' title='bbox 704 2720 757 2761; x_wconf 88' lang='lat' dir='ltr'><strong>uon</strong></span> <span class='ocrx_word' id='word_1_199' title='bbox 772 2705 864 2759; x_wconf 87' lang='lat' dir='ltr'><strong>minus</strong></span> <span class='ocrx_word' id='word_1_200' title='bbox 872 2704 981 2776; x_wconf 89' lang='lat' dir='ltr'><strong>probari</strong></span> <span class='ocrx_word' id='word_1_201' title='bbox 990 2704 1102 2762; x_wconf 87' lang='lat' dir='ltr'><strong>vidsoin</strong></span> 
     </span>
     <span class='ocr_line' id='line_1_31' title="bbox 307 2776 1100 2851; baseline 0.006 -18"><span class='ocrx_word' id='word_1_202' title='bbox 307 2784 343 2844; x_wconf 83' lang='lat' dir='ltr'><strong>te,</strong></span> <span class='ocrx_word' id='word_1_203' title='bbox 364 2776 493 2844; x_wconf 82' lang='lat' dir='ltr'><strong>Secunde,</strong></span> <span class='ocrx_word' id='word_1_204' title='bbox 513 2777 596 2849; x_wconf 89' lang='lat' dir='ltr'><strong>quod,</strong></span> <span class='ocrx_word' id='word_1_205' title='bbox 615 2777 678 2833; x_wconf 90' lang='lat' dir='ltr'><strong>lulii</strong></span> <span class='ocrx_word' id='word_1_206' title='bbox 692 2780 801 2834; x_wconf 63' lang='lat' dir='ltr'><strong>Asiatici</strong></span> <span class='ocrx_word' id='word_1_207' title='bbox 815 2780 898 2835; x_wconf 80' lang='lat' dir='ltr'><strong>vitam</strong></span> <span class='ocrx_word' id='word_1_208' title='bbox 911 2780 1100 2851; x_wconf 72' lang='lat' dir='ltr'><strong>componendo,</strong></span> 
     </span>
     <span class='ocr_line' id='line_1_32' title="bbox 308 2850 1100 2925; baseline 0.005 -18"><span class='ocrx_word' id='word_1_209' title='bbox 308 2868 384 2925; x_wconf 80' lang='lat' dir='ltr'><strong>spem</strong></span> <span class='ocrx_word' id='word_1_210' title='bbox 403 2852 559 2909; x_wconf 81' lang='lat' dir='ltr'><strong>bominibus</strong></span> <span class='ocrx_word' id='word_1_211' title='bbox 577 2850 663 2907; x_wconf 85' lang='lat' dir='ltr'><strong>iecisti</strong></span> <span class='ocrx_word' id='word_1_212' title='bbox 680 2851 802 2924; x_wconf 81' lang='lat' dir='ltr'><strong>plurium</strong></span> <span class='ocrx_word' id='word_1_213' title='bbox 815 2853 948 2909; x_wconf 72' lang='lat' dir='ltr'><strong>dusmodi</strong></span> <span class='ocrx_word' id='word_1_214' title='bbox 963 2850 1100 2919; x_wconf 80' lang='lat' dir='ltr'><strong>librorum.</strong></span> 
     </span>
    </p>

    <p class='ocr_par' dir='ltr' id='par_1_6' title="bbox 282 2926 1103 3011">
     <span class='ocr_line' id='line_1_33' title="bbox 282 2926 1103 3011; baseline 0.006 -29"><span class='ocrx_word' id='word_1_215' title='bbox 282 2998 286 3005; x_wconf 36' lang='grc' dir='ltr'>Ι</span> <span class='ocrx_word' id='word_1_216' title='bbox 307 2944 391 2999; x_wconf 85' lang='lat' dir='ltr'><strong>quam</strong></span> <span class='ocrx_word' id='word_1_217' title='bbox 401 2928 430 2983; x_wconf 88' lang='lat' dir='ltr'><strong>in</strong></span> <span class='ocrx_word' id='word_1_218' title='bbox 443 2926 524 2999; x_wconf 76' lang='lat' dir='ltr'><strong>Apro,</strong></span> <span class='ocrx_word' id='word_1_219' title='bbox 538 2926 611 3000; x_wconf 84' lang='lat' dir='ltr'><strong>quod</strong></span> <span class='ocrx_word' id='word_1_220' title='bbox 621 2927 741 2983; x_wconf 85' lang='lat' dir='ltr'><strong>nondum</strong></span> <span class='ocrx_word' id='word_1_221' title='bbox 752 2944 767 2982; x_wconf 91' lang='lat' dir='ltr'><strong>a</strong></span> <span class='ocrx_word' id='word_1_222' title='bbox 779 2926 944 2989; x_wconf 80' lang='lat' dir='ltr'><strong>scholasticis</strong></span> <span class='ocrx_word' id='word_1_223' title='bbox 955 2939 1103 3011; x_wconf 70' lang='lat' dir='ltr'><strong>cqntroyea</strong></span> 
     </span>
    </p>
   </div>
   <div class='ocr_carea' id='block_1_5' title="bbox 0 0 1284 3692">
    <p class='ocr_par' dir='ltr' id='par_1_7' title="bbox 0 0 1284 3692">
     <span class='ocr_line' id='line_1_34' title="bbox 0 0 1284 3692; baseline 0 0"><span class='ocrx_word' id='word_1_224' title='bbox 0 0 1284 3692; x_wconf 95' lang='lat' dir='ltr'><strong> </strong></span> 
     </span>
    </p>
   </div>
  </div>
 </body>
</html>
