2559 3692
295 411 328 464 δί
533 413 856 462 Hls'roltidltltl
955 409 1036 476 (ec.
1051 415 1106 459 823.

294 517 433 588 utrimque
451 513 655 586 conruptoribas
673 522 700 568 et
718 513 829 585 perfidia
850 514 983 586 inpunita.
1030 513 1107 576 Viri,

296 607 379 655 uma,
391 593 464 662 equi,
475 590 600 662 udaeam
610 597 636 642 et
645 588 769 643 addecara
777 595 942 659 supererant.
972 586 1033 642 Sed
1041 595 1107 642 ante

296 665 398 722 betium
416 664 549 718 centurias
568 671 672 717 tantum
691 679 755 717 suas
773 672 930 734 minaeque
949 673 1103 730 noverant,

296 737 746 808 exercitusfinibusprcvineisrurn
755 737 983 792 discernebantur.
1028 737 1103 791 Tum

297 811 567 869 adversusiiindicem
577 811 1103 886 contreetaelegiones,sequeetGallias

297 897 428 959 expertae,
444 903 572 958 quaerere
585 903 681 942 rursus
693 904 768 942 uma
781 903 920 958 nomme
931 886 1101 942 discordias:

296 980 346 1018 nec
354 965 444 1023 sociae
455 968 485 1014 ut
492 958 567 1026 olim,
578 961 626 1016 sad
634 965 726 1025 bosus,
739 961 1002 1016 etcictoavocabrnt.
1045 963 1102 1015 Nee

296 1037 386 1108 deerat
399 1051 461 1106 pers
475 1034 633 1101 Galliarum,
653 1053 724 1108 quae
731 1036 856 1091 Rhenum
865 1035 969 1101 accolit,
987 1036 1100 1090 easdem

296 1119 385 1182 partes
403 1117 502 1171 secuta,
522 1127 554 1164 ac
569 1119 628 1180 tuna
649 1112 776 1166 accarim
794 1110 946 1184 instigatrix
964 1109 1099 1165 adversus

299 1184 455 1240 Galbianos:
474 1184 525 1240 hoe
534 1186 606 1242 euim
616 1203 724 1253 nomen,
734 1185 849 1241 fastidito
857 1184 978 1249 Vindice,
988 1185 1099 1240 indide-

297 1267 365 1314 rant.
404 1259 488 1332 Igitur
510 1258 641 1333 Sequanis
664 1261 820 1334 Aeduisque
836 1277 868 1316 ac
885 1257 994 1325 deiude,
1016 1268 1099 1331 prout

297 1332 431 1406 opulentia
440 1334 593 1390 ciuitadbus
602 1345 667 1400 eret,
676 1335 786 1399 iniensi‚
798 1335 1011 1408 expugnationes
1020 1334 1097 1389 urbi-

296 1425 354 1472 um,
365 1407 548 1479 populationes
558 1417 790 1484 agrorum,rrptus
798 1410 936 1478 montium
944 1409 1096 1464 hauserunt

296 1483 400 1536 animo:
422 1499 503 1554 super
512 1485 650 1538 averium
659 1493 687 1537 st
694 1483 885 1556 adrogantiam,
894 1485 1096 1554 praecipuaru-

297 1556 422 1622 lidiorum
440 1559 511 1622 vitia,
521 1553 692 1613 'contumacia
705 1557 842 1613 Gallorum
856 1557 966 1621 inritati,
978 1559 1039 1629 qui,
1050 1576 1096 1613 re·

296 1637 402 1686 mbram
411 1636 461 1686 sibi
473 1651 492 1688 a
503 1632 588 1687 Galba
596 1641 719 1702 quarm
726 1636 881 1687 mbutcmm
887 1641 998 1700 marca,
1009 1641 1036 1687 et
1041 1650 1096 1700 pu-

298 1710 363 1761 bb‘cs
371 1711 487 1770 denotor,
498 1708 527 1761 in
536 1708 711 1780 ignominiam
720 1707 854 1762 exercitus
862 1707 1001 1761 iactabant.
1041 1705 1096 1761 dc-

298 1782 378 1836 cessit
390 1781 484 1837 cellide
494 1781 643 1856 vulgatum,
654 1791 753 1836 teum
760 1781 901 1846 deditum,
911 1786 1046 1836 dommo&
1055 1785 1095 1836 ts·

296 1860 391 1924 piceas,
406 1866 431 1912 st
439 1863 659 1926 promptissimum
667 1860 980 1926 quemqueeeatusioaum
987 1860 1092 1912 dimitti.

297 1930 422 2002 Undique
430 1939 529 1986 atroces
539 1932 637 1993 nuntii,
649 1931 756 1984 sinistra
766 1947 801 1984 ex
809 1930 877 1984 urbe
885 1929 970 1997 iama;
989 1929 1092 1986 infensa

297 2004 487 2076 Lugdunensis
501 2001 611 2068 sebnia,
627 2013 660 2067 ct,
674 2005 802 2074 pertinaci
811 2022 860 2076 pro
869 2005 972 2061 Nerone
980 2005 1041 2070 fide,
1051 2005 1094 2060 fc-

298 2077 384 2132 eunde
394 2077 556 2140 rumoribus.
589 2078 974 2166 Sedpiurjmaedfingendum
983 2080 1093 2135 creden

298 2152 419 2223 dumque
433 2151 554 2207 materies
568 2153 598 2208 in
608 2153 677 2224 ipsis
689 2155 792 2220 caruis,
813 2154 883 2218 odio,
903 2162 986 2220 mdo,
997 2162 1031 2219 et,
1041 2155 1090 2210 ubi

299 2226 369 2281 vires
378 2243 442 2280 suas
452 2235 628 2297 respexerant,
640 2229 788 2284 securiete.

351 2303 393 2355 52.
415 2299 471 2355 Sub
480 2301 552 2372 ipsas
564 2304 710 2374 superioris
722 2305 786 2358 enni
797 2303 856 2358 Kal.
869 2303 1024 2359 Decembres
1033 2303 1091 2359 du-

226 2388 229 2393 ·
297 2375 341 2431 lus
351 2374 483 2440 Vitellius,
496 2377 647 2433 inferiorem
657 2378 827 2433 Germaniam
839 2378 987 2450 ingressui,
1001 2378 1091 2433 biber-

298 2468 332 2505 na
345 2449 479 2524 legionum
493 2469 555 2506 cuna
569 2469 632 2527 cura
641 2452 750 2507 adierat.
788 2452 893 2508 Redditi
905 2451 1089 2524 plerisqueor-

297 2524 383 2590 dines,
395 2525 507 2580 remissa
521 2527 678 2600 ignominia,
692 2527 826 2582 adlevatae
836 2536 927 2582 notae:
947 2526 1022 2598 plura
1032 2545 1089 2582 am-

297 2599 405 2663 bitione,
417 2601 547 2670 quaedam
557 2601 670 2656 iudicio:
685 2603 714 2656 in
724 2601 826 2673 quibus
835 2601 941 2657 sordem
951 2611 977 2657 et
985 2603 1088 2658 avariti-

297 2690 341 2728 am
351 2673 1087 2751 FonteiiCapitonis‚adimendisadsignandisuemilitiac

297 2748 445 2814 ordinibus,
467 2750 568 2824 integre
587 2760 744 2806 mutaverat.
783 2753 838 2807 Nec
850 2750 997 2824 consularis
1011 2751 1085 2824 legati

297 2839 430 2886 mensura,
443 2827 489 2880 sed
499 2827 527 2880 in
538 2829 626 2882 maius
635 2827 725 2882 omnia
735 2826 939 2898 accipiebantur.
967 2825 1000 2878 Et
1008 2825 1085 2880 Vite}-

297 2897 354 2960 lius¹
366 2899 437 2971 apud
450 2917 555 2957 severos
570 2901 692 2958 humilis.
731 2901 761 2955 ld
777 2903 927 2957 comitatem
936 2901 1083 2954 bonicum·
