2559 3692
308 442 359 496 260
475 450 504 495 C.
524 450 744 495 connutritae
764 450 932 497 Tact'rtts

1141 502 1142 525 l

308 554 378 605 tium
388 548 509 605 instituta
516 550 649 621 ritusque,
661 557 793 621 quatenns
803 548 934 615 differant,
944 568 1016 623 qnae
1026 553 1108 607 natio-

310 642 357 684 nes
368 623 534 680 eGermania
545 624 575 678 in
585 621 686 679 Gallias
699 625 942 697 commigraverint,
956 625 1106 696 expediam.

364 702 407 756 28.
427 696 574 756 Validiores
587 697 652 753 olim
663 696 800 755 Gallorum
815 716 858 753 ree
869 699 964 765 luisse,¹
982 716 1108 755 summus

310 784 448 831 auctorum
462 773 490 829 d.
504 772 590 828 lulius
604 772 696 829 tradit:
727 788 811 845 eoque
822 773 948 829 credibile
957 780 1009 839 est,
1030 777 1108 831 etiam

310 850 401 906 Gallos
409 850 439 904 in
451 848 620 905 Germaniam
629 856 817 921 transgressos.
858 848 1026 917 Quantulum
1037 852 1107 904 enim

310 925 398 980 amnis
407 924 597 995 obstabatque
607 924 745 987 minus,ut
753 938 877 996 quaeque
885 940 953 997 gens
963 923 1105 990 evaluerat,

309 1008 448 1071 oocuparet
460 1005 675 1069 permutaretque
689 997 775 1063 sedes,
795 1000 965 1068 promiscuas,
982 996 1073 1054 adhue
1086 1008 1107 1054 et

310 1074 385 1130 nulla
400 1088 542 1145 regnorum
557 1072 671 1142 [rotantia
684 1072 804 1127 divisas?
831 1074 915 1146 Igitur
929 1075 1001 1128 inter
1010 1074 1107 1147 Hercy-

309 1151 383 1205 niam
398 1148 494 1203 eilvam
508 1146 687 1218 Rhenumque
701 1155 726 1202 et
739 1148 862 1203 Moenum
877 1165 970 1219 amnes
983 1148 1104 1214 Helvetii,

309 1222 513 1286 ulteriora-Boii,
535 1218 842 1296 Gallieautrequegens‚
865 1232 980 1277 tenuere.
1022 1224 1106 1277 Manet

310 1298 398 1353 adhuc
411 1298 526 1351 Boihemi
538 1313 644 1361 nomen,
661 1297 845 1371 significatque
858 1295 907 1353 loci
922 1306 1042 1353 veterem
1055 1316 1106 1352 me-

309 1373 431 1437 moriam,
441 1373 568 1443 quamvis
577 1372 686 1427 mutatis
696 1372 851 1427 cultoribus.
877 1370 1034 1427 Sedutrum
1044 1373 1105 1428 Ara·

309 1447 377 1502 visai
392 1447 423 1501 in
432 1446 595 1502 Pannoniam
610 1447 645 1501 ab
658 1444 728 1512 Osis,
741 1448 935 1502 Germanorum
945 1448 1063 1513 natione,
1076 1466 1104 1503 an

308 1521 357 1575 Osi
368 1520 402 1575 ab
416 1520 550 1576 Araviscis
564 1522 592 1576 in
602 1521 773 1577 Germaniam
788 1523 1034 1595 commigraverint,
1047 1540 1104 1577 cnm

309 1596 401 1651 eodem
411 1596 499 1651 adhuc
508 1614 638 1662 sermone,
650 1597 788 1661 institutis,
803 1597 923 1651 moribus
934 1604 1056 1662 utantur,
1067 1599 1104 1652 in·

309 1680 411 1727 eertum
425 1680 479 1727 est:
499 1673 573 1745 qnia,
587 1673 645 1744 pari
660 1670 724 1727 oiim
734 1672 823 1744 inopia
833 1671 1003 1738 inlitterata,
1015 1672 1102 1727 eadem

308 1748 451 1820 utriusque
464 1748 538 1819 ripae
550 1746 618 1801 bona
632 1747 755 1820 malaque
765 1755 847 1811 erant.
887 1747 996 1802 Treveri
1008 1755 1033 1802 et
1042 1748 1104 1802 Ner·

271 1884 275 1890 ,
308 1825 347 1879 vii
361 1824 430 1878 eirea
445 1820 641 1877 adfectationem
655 1822 827 1877 Germanicae
839 1820 953 1895 originis
966 1821 1041 1878 ultro
1051 1838 1103 1877 am·

307 1899 399 1954 bitiosi
409 1905 481 1962 eunt,
501 1906 648 1968 tamqnam,
668 1912 716 1967 per
727 1896 796 1951 hane
804 1895 916 1971 gloriam
926 1898 1104 1971 sanguimen

308 1971 485 2029 similitudine
503 1979 529 2025 et
545 1971 640 2025 inertia
654 1969 791 2026 Gallorum
810 1980 974 2043 separentur.
1017 1972 1104 2043 Ipsam

308 2048 395 2103 Rheni
408 2047 494 2118 ripam
507 2044 580 2100 hand
593 2044 675 2099 dubie
687 2044 882 2101 Germanorum
896 2046 989 2117 populi
1004 2047 1103 2110 nolunt,

308 2120 593 2195 Vangionee‚Triboei,
603 2120 735 2175 Nemetes.
756 2120 795 2175 Ne
804 2120 866 2175 Ubii
876 2120 997 2192 quidem,
1009 2138 1104 2194 quam·

308 2214 391 2268 quam
410 2196 527 2251 Romana
545 2194 646 2250 ooionia
657 2212 714 2271 ease
723 2196 868 2249 meruerint
882 2210 913 2249 ao
925 2194 1056 2251 libentius
1071 2196 1104 2249 Α·

307 2275 491 2339 prippineaaee,
506 2269 649 2325 eonditoris
665 2270 708 2325 sui
723 2271 839 2333 nomine.
852 2277 990 2334 vecanam,
1002 2272 1104 2344 origine

307 2346 477 2409 erubeseunt,
484 2346 641 2417 transgressi
652 2344 715 2400 olim
726 2352 750 2399 et
760 2346 940 2416 experimento
950 2342 1015 2400 fidei
1025 2362 1104 2418 anper

307 2422 395 2491 ipsam
404 2418 491 2473 Rheni
500 2421 585 2493 ripam
595 2418 731 2484 oonioonh,
741 2426 771 2473 ut
780 2426 906 2484 arcerent,
912 2435 966 2474 non
975 2427 1008 2475 ut
1017 2428 1104 2476 custo-

307 2494 436 2549 direntur.
1044 2514 1049 2525 ·

361 2572 404 2625 29.
425 2566 554 2623 Omnium
566 2569 662 2623 harum
672 2570 792 2641 gentium
802 2568 1104 2641 m'rtutepraeoipniBa-

306 2645 371 2709 tavi,
393 2660 445 2698 non
459 2641 575 2697 multum
588 2660 621 2698 ex
633 2641 701 2714 ripa,
723 2642 770 2697 sed
780 2642 897 2697 insulam
906 2642 994 2698 Rheni
1004 2646 1101 2707 amnia,

306 2718 405 2784 nolunt,
415 2716 549 2788 Cattorum
558 2718 694 2790 quondam
703 2716 829 2791 populus,
841 2724 867 2772 et
875 2717 1006 2773 seditione
1014 2718 1103 2775 dome·

307 2794 373 2847 stica
381 2796 411 2848 in
421 2809 465 2847 eas
474 2791 550 2846 sedes
560 2801 751 2865 transgressus,
765 2792 905 2865 inquibus
918 2808 981 2865 pars
991 2793 1102 2849 Romani

306 2867 414 2939 imperii
422 2867 523 2921 fierent.
563 2866 650 2922 Manet
659 2866 743 2921 honos
751 2866 777 2921 et
785 2868 910 2940 antiquae
919 2869 1052 2924 societatis
1062 2870 1102 2923 in-

306 2944 397 3014 signe:
415 2958 477 2997 nam
488 2956 537 2997 aee
545 2942 652 2998 tributis
662 2942 1101 3017 oontemnuntur,neopublioanru
