2559 3692
306 449 340 502 δί
546 453 874 502 merolilanus
965 445 1107 518 (mmm.

306 555 455 612 comitatus.
494 552 617 608 Peditum
646 555 823 627 equitumque
850 555 935 625 copiis
962 553 1110 612 Suetonius
1156 572 1157 605 l

306 629 455 694 paullinus,
471 629 572 683 Marius
587 627 692 694 Celsus,
707 630 813 684 Annius
820 629 918 685 Gallus
933 638 1048 685 rectores
1061 631 1111 686 de-

306 705 406 761 stinati·
445 702 498 758 Sed
514 703 632 774 plurima
647 704 713 759 fides
726 705 829 760 Licinio
841 703 962 770 Proculo,
980 707 1110 776 praetorii

305 779 445 854 praelecto.
480 778 634 836 lsurbanae
643 779 754 834 militiae
763 779 878 852 inpiger,
889 778 1022 834 bellorum
1034 782 1110 835 inso-
1156 784 1157 797 ¹

306 855 375 920 lens,
386 853 565 911 auctoritatem
575 853 826 928 Paullini,vigorem
837 853 918 919 Celsi,
927 855 1109 913 maturitatem
1145 854 1152 915 l

306 929 388 995 Galli,
399 936 430 984 ut
439 928 537 999 cuique
547 936 610 993 erat,
622 929 798 994 criminando,
811 929 885 1000 quod
897 928 1059 984 facillimum
1070 928 1110 984 ie-

306 1015 351 1060 ctu
361 1011 411 1070 est,
426 1019 526 1074 pravus
540 1011 565 1057 et
574 1002 698 1069 callidus,
709 1003 792 1060 bonos
801 1011 827 1058 et
836 1002 968 1060 modestos
977 1004 1107 1060 anteibat.
1156 1020 1157 1023 ¹

361 1082 403 1134 88.
424 1075 560 1150 Sepositus
580 1095 628 1149 per
646 1095 691 1133 eos
709 1078 768 1133 dies
781 1077 920 1133 Cornelius
932 1077 1110 1134 Dolabellain

305 1153 436 1211 coloniam
450 1151 620 1224 Aquinatem,
641 1169 731 1225 neque
745 1161 801 1208 arta
812 1147 941 1219 custodia,
956 1153 1110 1225 nequeob·

306 1241 398 1284 scura:
419 1227 526 1282 nullum
540 1226 574 1282 ob
587 1227 699 1294 crimen,
715 1227 763 1283 sed
773 1236 876 1283 vetusto
890 1228 999 1283 nomine
1009 1235 1035 1282 et
1044 1246 1110 1300 pro-

199 1297 201 1304 '
305 1303 454 1375 pinquitate
464 1301 563 1358 Galbae
572 1310 743 1358 monstratus.
762 1302 1108 1376 Multosemagistratibus,

306 1393 431 1465 magpam
443 1376 624 1506 oobqqlularipdm
638 1386 741 1465 partem
751 1376 830 1466 Otho,
844 1395 898 1434 non
907 1377 1110 1466 participerant

306 1460 443 1582 ltili
457 1469 598 1599 „lat
609 1461 863 1592 &diffidi
874 1453 1110 1599 {datatim

306 1610 345 1667 tu,
367 1619 417 1656 neo
431 1610 462 1656 ut
473 1602 640 1674 imperatoris
650 1600 767 1667 fratrem,
788 1619 838 1657 nee
846 1611 877 1659 ut
886 1603 981 1659 bostis.
1021 1603 1109 1677 Igitur

305 1684 376 1732 mota
390 1676 466 1732 urbis
481 1692 557 1732 cura:
579 1676 672 1732 nullus
684 1677 749 1733 ordo
758 1685 831 1732 metu
840 1685 887 1732 aut
895 1677 1015 1748 periculo
1022 1695 1110 1733 vacu-
1151 1710 1155 1751 t

306 1745 365 1807 uss
389 1753 521 1807 Primores
531 1759 639 1807 senatus
649 1760 731 1807 aetate
740 1751 853 1807 invalidi
862 1760 888 1807 et
896 1752 974 1826 longa
983 1770 1052 1824 pace
1061 1753 1110 1808 de-
1151 1774 1154 1783 ·

305 1827 388 1893 sides,
400 1828 490 1901 segnis
501 1835 526 1884 et
535 1827 615 1883 oblita
626 1827 758 1883 bellorum
767 1826 902 1893 nobilitas,
911 1828 1023 1900 ignarus
1032 1828 1110 1884 mili-

305 1904 357 1960 tiae
370 1920 462 1975 eques,
479 1911 579 1975 quanto
593 1903 680 1975 magis
693 1901 824 1957 occultare
836 1910 861 1956 et
873 1903 969 1958 abdere
977 1919 1121 1974 pavorem-

305 1978 466 2042 nitebantur,
478 1975 647 2031 manifestius
656 1975 757 2046 pavidi.
795 1976 1110 2033 Neodeeranteoontra-

305 2056 354 2116 rio,
376 2054 425 2125 qui
439 2051 583 2107 ambitione
595 2050 699 2115 stolida,
720 2052 863 2122 conspicua
876 2070 960 2118 arma,
983 2054 1108 2126 insignes

305 2143 398 2198 equos,
420 2125 530 2197 quidam
550 2123 703 2200 luxuriosos
719 2125 861 2197 adparatus
878 2128 1068 2184 conviviorum
1081 2136 1109 2182 et

304 2197 636 2266 inritamenta'libidinum,
648 2208 678 2256 ut
686 2201 863 2256 instrumenta
873 2202 947 2268 belli,
954 2218 1109 2258 mercaren-

303 2283 358 2332 tur.
397 2273 566 2347 Sapientibus
576 2276 675 2348 quietis
688 2284 715 2333 et
728 2277 976 2348 reipublicae‘cura:
997 2277 1108 2333 levissi-

304 2369 368 2406 mus
386 2353 503 2428 quisque
521 2357 547 2405 et
565 2350 649 2408 iuturi
662 2351 820 2424 inprovidus
835 2369 884 2423 spe
899 2369 966 2407 vana
981 2360 1105 2408 tumens:
1156 2344 1157 2425 l

304 2423 384 2481 multi
398 2423 501 2480 adflicta
516 2425 568 2480 fide
577 2427 606 2484 in
615 2443 690 2498 pace,
701 2445 733 2482 ao
741 2427 854 2483 turbatis
863 2426 945 2483 rebus
957 2426 1070 2494 alacres,
1081 2435 1108 2483 et

304 2517 352 2574 per
361 2501 460 2556 incerta
470 2501 608 2557 tutissimi.

358 2579 401 2632 89.
422 2575 583 2650 Sedvulgus
593 2584 618 2631 et
626 2576 811 2650 magnitudine
823 2576 907 2631 nimia
916 2577 1107 2632 communium
1156 2556 1157 2593 ¹

304 2666 430 2707 curarum
445 2667 539 2724 expers
552 2651 679 2722 populus,
690 2653 789 2705 sentire
798 2651 936 2722 paullatim
946 2649 1011 2706 belli
1020 2652 1104 2718 mala,

304 2743 430 2783 conversa
444 2727 473 2782 in
487 2725 605 2780 militum
615 2741 698 2780 usum
707 2727 781 2780 omni
789 2727 918 2797 pecunia,
934 2726 1044 2781 intentis
1054 2726 1107 2782 ali-

305 2809 454 2858 mentorum
464 2801 571 2874 pretiis:
592 2817 672 2872 quae,
683 2809 758 2855 motu
767 2801 898 2867 Vindicis,
908 2800 982 2856 baud
991 2801 1107 2872 perinde

304 2876 409 2948 plebem
420 2877 589 2942 adtriverant,
600 2883 762 2932 securatam
769 2876 836 2930 urbe
845 2884 872 2930 et
879 2875 1036 2948 provinciali
1044 2875 1108 2931 bel·

304 2951 339 3013 lo.
352 2952 423 3024 quod
433 2949 502 3008 inter
512 2951 628 3026 legiones
638 2949 794 3026 Galliasque
803 2949 877 3008 velut
887 2959 1028 3005 externum
1039 2948 1104 3007 tuit.
