2559 3692
315 433 349 486 52
550 438 873 486 ursuoasaauu
977 429 1116 502 (auen.

314 543 367 594 teto
379 547 403 592 et
417 543 535 594 inanima
544 542 739 594 inmotdereoe
747 545 871 608 reparari
877 544 1030 616 promum
1039 551 1117 596 sant:

314 617 455 668 aeternitas
463 630 552 668 raum
561 620 585 667 ot
591 629 650 682 poco
659 618 772 682 pontiam
781 621 940 670 etmeoeum
947 619 1118 670 oestroaotoa

314 691 740 757 ineolanettoteaonatuefimeotur.
761 689 1118 758 Hunoooapiootooporen-

315 771 338 816 te
347 771 372 816 et
386 767 516 818 conditore
529 765 603 818 urbia
612 767 945 827 meminissemus
955 767 1062 832 rapidos
1070 781 1118 818 as-

314 840 407 906 quoad
413 841 547 906 panotpa
556 840 705 892 continuum
713 846 738 891 et
746 840 917 902 inmortalem,
925 842 1117 893 aestumato-

313 915 548 980 ribusaooeptmos,
559 915 868 980 oiaposteriatrodomus.
896 913 1117 983 Namateaeoo·

315 989 353 1040 bte
365 995 503 1049 senatores,
515 990 554 1040 tta
563 1003 596 1040 ee
605 990 769 1041 sanatoribus
774 991 908 1056 prindpee
918 997 1073 1043 manantur.

369 1063 411 1114 85.
431 1059 470 1114 Ea
479 1061 561 1114 oratio
570 1059 604 1115 ad
611 1060 827 1134 perstringendos
839 1060 1052 1134 mulcendosque
1062 1064 1117 1117 mi-

314 1134 393 1190 litum
403 1135 516 1200 animos,
528 1142 553 1189 et
562 1135 709 1190 severitatis
720 1136 816 1191 modus
825 1135 1005 1209 (nequeenim
1014 1137 1044 1192 iu
1051 1137 1116 1209 plu-

315 1225 368 1274 res,
375 1225 458 1280 quam
468 1210 497 1263 in
506 1209 583 1274 duos,
594 1209 769 1266 animadverti
782 1209 905 1283 iusserat)
912 1217 986 1284 grate
995 1221 1113 1282 aooepta.

314 1285 507 1356 compositique
520 1283 553 1338 ad
566 1301 703 1358 praesens,
724 1286 773 1357 qui
786 1287 899 1340 ooeroeri
913 1303 967 1342 aon
981 1295 1112 1358 poteraut.
1152 1344 1153 1369 p

314 1360 373 1414 Nou
392 1367 480 1414 nmen
500 1359 577 1431 quies
596 1359 658 1415 urbi
672 1359 797 1416 redierat:
818 1361 945 1432 strepitus
959 1361 1075 1417 telorum
1089 1371 1115 1416 et
1152 1424 1153 1427 Ἰ

314 1433 394 1488 facies
408 1433 473 1488 belli
488 1441 557 1490 erat:
578 1432 720 1500 militibus,
736 1443 766 1490 ut
779 1434 847 1490 nibil
861 1436 891 1490 in
903 1453 1046 1492 commune
1057 1443 1115 1490 tur-

313 1509 449 1574 bentibus,
462 1510 498 1564 ita
508 1510 608 1580 sparsis
617 1526 666 1580 per
674 1509 777 1575 domos,
792 1509 894 1566 oooulto
902 1510 1007 1576 babitu,
1019 1518 1045 1565 et
1055 1529 1115 1566 ma-

314 1583 386 1656 ligna
393 1601 460 1638 ‘eura
472 1585 501 1638 iu
510 1601 613 1649 omnes,
625 1601 693 1656 quos
703 1584 827 1641 nobilitas
838 1593 885 1640 aut
893 1603 957 1657 opes
966 1593 1012 1640 aut
1021 1587 1114 1659 aliqua

314 1659 429 1732 insignis
453 1658 581 1714 claritudo
602 1659 757 1720 rumoribus
778 1659 918 1717 obiecerat.
956 1661 1113 1718 Vitellianos

313 1751 422 1806 quoque
432 1734 529 1795 milites
540 1736 686 1792 venissein
694 1736 789 1791 urbem
799 1735 833 1790 ad
841 1736 930 1793 studia
938 1738 1058 1808 partium
1065 1755 1115 1792 no-

314 1809 420 1877 scenda,
431 1810 552 1882 plerique
562 1810 712 1866 credebant.
746 1811 822 1866 Unde
831 1810 911 1883 plena
919 1812 1011 1866 omnia
1020 1813 1115 1883 suspi-

313 1887 430 1952 eionum,
447 1895 473 1940 et
488 1886 535 1940 vix
549 1895 647 1940 secreta
660 1885 792 1940 domuum
800 1887 860 1941 eine
869 1883 1021 1942 formidine.
1060 1887 1114 1942 Sed

312 1960 462 2033 plurimum
472 1961 654 2031 trepidationis
664 1961 692 2012 in
701 1960 818 2031 publico.
851 1960 1114 2034 thuemquenun-

312 2037 382 2091 tium
393 2035 462 2090 fama
473 2033 754 2099 adtulisset‚enimum
762 2033 922 2107 vultumque
931 2037 1065 2103 conversi,
1080 2054 1115 2092 ne

312 2109 673 2180 diffideredubiisaeparum
682 2109 1112 2182 gaudereprosperisviderentur.

312 2186 406 2240 Coacta
419 2201 481 2239 vero
496 2185 525 2238 in
539 2186 641 2239 cunam
656 2192 759 2250 senatu,
775 2185 876 2240 mduus
888 2203 978 2242 rerum
987 2188 1115 2242 omnium

312 2260 418 2325 modus,
438 2277 472 2313 ne
486 2267 629 2314 oontumax
642 2259 790 2326 silentium,
809 2277 844 2315 ue
857 2271 979 2332 suspecta
992 2262 1113 2318 libertas.

311 2335 345 2389 Et
363 2335 466 2406 privato
484 2333 583 2391 Othoni
601 2351 697 2406 nuper,
717 2344 797 2408 atque
811 2335 903 2390 eadem
916 2335 1030 2402 dioenti,
1051 2349 1114 2394 uota

312 2409 437 2466 adulatio.
476 2409 560 2484 Igitur
569 2427 676 2468 versare
687 2411 841 2476 sententias,
856 2419 882 2466 et
894 2411 949 2466 hue
956 2421 1038 2484 atque
1047 2413 1116 2468 illue

311 2496 448 2558 torquere,
474 2489 569 2541 tostam
590 2496 614 2542 et
629 2491 795 2556 pomonam
814 2486 952 2542 Vitellium
970 2497 1113 2544 vooantes:

311 2561 563 2632 providentissimus
578 2562 696 2634 quisque
708 2560 867 2635 vulgaribus
879 2563 1023 2632 eonviciis;
1049 2566 1116 2637 qui-

311 2636 374 2690 dam
382 2653 445 2691 vera
454 2637 550 2708 probra
559 2638 657 2702 iacere,
666 2638 695 2691 in
705 2636 819 2692 obmore
828 2646 926 2703 amen,
933 2647 959 2692 et
967 2639 1015 2694 ubi
1024 2639 1116 2711 pluri-

312 2708 1114 2786 maevoees‚auttumultuverborumsibiipsiobstrepentes.

366 2791 409 2843 86.
430 2787 552 2862 Prodigia
561 2789 672 2860 insuper
681 2788 822 2853 terrebant,
832 2788 948 2844 diversis
957 2791 1116 2846 auctoribus

312 2862 433 2937 vulgata:
454 2869 483 2919 tn
500 2866 624 2918 vestibulo
638 2863 762 2932 Gopttote't
778 2869 887 2920 onerosos
900 2867 1013 2918 todonae
1029 2869 1114 2935 bique,

312 2943 355 2994 oui
373 2940 488 2995 Vtotooto
499 2943 645 2995 institerat.-
664 2944 779 3009 mpiese
792 2943 857 2996 eetto
866 2941 975 2995 lunonis
986 2944 1117 2997 erratorem
