2559 3692
295 407 327 460 88
528 409 847 458 monoteta-nun
953 400 1101 472 (mmm.

294 511 421 568 memoria
430 507 601 574 delationum,
613 507 1014 581 expositumqueadinvidiam,
1023 509 1102 566 Μειν-
1146 542 1147 545 =

294 583 352 640 calli
362 601 459 642 nomen
468 584 622 640 inritaverat
631 582 780 649 Caecinam,
792 591 823 638 ut
831 601 918 640 novus
928 582 1020 646 adhuc
1029 593 1060 652 et
1069 585 1101 640 iu

293 667 414 718 senatum
424 675 510 730 nuper
519 658 757 732 adscitus,magnis
766 658 916 714 inimicitiis
924 657 1098 714 claresceret.

292 733 468 792 Moderatione
486 732 628 790 meliorum
647 733 782 804 dirempti.
820 733 855 789 Et
877 732 977 792 rediere
996 749 1099 788 omnes

292 808 447 872 Bononiam,
463 825 558 862 rursus
572 807 750 867 consiliaturi:
771 806 868 872 simul,
885 807 975 864 medio
987 814 1099 878 tempn-

293 883 341 948 ris,
352 881 445 954 plures
459 883 547 946 nuntii
561 882 745 953 sperabantur.
783 882 926 948 bononiae,
936 881 1037 937 divisis
1047 897 1098 953 per

294 958 398 1021 itinera,
413 958 462 1028 qui
476 957 690 1014 recentissimum
699 973 836 1030 quemque
844 963 1096 1028 percunctarentur,

293 1033 467 1104 interrogatus
478 1029 589 1088 Othonis
601 1030 712 1088 libertus
720 1048 844 1088 caussam
852 1030 1001 1105 digressus,
1013 1033 1097 1084 haho-

292 1123 322 1160 re
330 1123 357 1162 aa
370 1123 491 1174 supremo
499 1110 555 1162 eiua
563 1109 689 1162 mandato
699 1106 849 1177 respondit:
868 1109 954 1174 ipsun
965 1110 1096 1160 viventem

293 1183 395 1248 qudem
408 1182 536 1244 relictum,
554 1184 600 1235 aed
613 1183 671 1236 tolo
682 1185 842 1249 pastorium
856 1196 921 1236 curo
933 1189 958 1234 et
970 1183 1096 1248 abruptis

293 1259 362 1312 utne
381 1256 568 1312 blandimentis.
606 1255 675 1312 llinc
692 1254 830 1315 admiratio
847 1262 873 1309 et
885 1252 964 1325 plura
977 1255 1094 1308 interro-

293 1327 374 1400 gandi
383 1327 483 1400 pudor:
504 1337 583 1402 atque
597 1331 720 1388 omnium
730 1327 1002 1387 enimiinllitellium
1012 1327 1093 1386 incli-

294 1419 400 1460 navere.
683 1416 687 1424 '

348 1479 391 1538 it.
412 1477 537 1534 Intererat
549 1477 669 1537 consiliis
683 1475 762 1534 irater
774 1479 843 1544 eina,
859 1477 891 1535 t.
902 1475 1038 1543 Vitellius,
1048 1494 1090 1532 se

294 1567 347 1622 que
364 1552 418 1606 iam
437 1551 606 1607 adulantibus
620 1551 755 1618 offerebat,
771 1569 835 1608 cnm
850 1559 957 1623 repente
972 1551 1089 1618 Coenus,

294 1623 405 1684 libertus
423 1625 545 1692 Neronis,
565 1628 645 1684 atroci
659 1627 796 1684 mendacio
812 1627 952 1684 universos
964 1626 1088 1698 perculit,

294 1699 447 1768 adfirmans,
457 1712 611 1770 superventu
620 1703 697 1758 XIV.
708 1705 822 1774 leniente,
838 1702 1090 1760 namnetensem
1110 1710 1115 1717 ’
1141 1714 1148 1737 ·

293 1779 404 1842 versun,
430 1793 516 1835 coetos
539 1781 662 1841 uictores,
687 1795 788 1832 onnam
808 1782 926 1845 portium
947 1782 1089 1847 fortunam.

295 1849 395 1908 Caussa
405 1850 522 1926 tingendi
532 1849 592 1918 luit,
603 1860 633 1908 ut
641 1851 785 1923 diplomata
793 1849 916 1916 Othonia,
925 1868 994 1924 quae
1003 1851 1090 1925 negli-

294 1925 439 1998 gebantur,
461 1926 567 1984 laetiore
584 1926 678 1983 nuntio
695 1925 894 1982 revalescerent.
931 1926 966 1981 Et
984 1925 1089 1984 Coenus

295 2001 404 2072 quidem
415 2001 506 2072 rapide
515 2003 544 2056 in
554 2001 650 2056 urbem
659 2007 761 2066 sedus,
767 2017 866 2072 patmos
876 2009 935 2072 post
944 2000 1002 2058 dies
1011 2001 1089 2057 iussu

293 2075 394 2130 Vitellii
413 2093 511 2146 poenas
530 2075 589 2132 luit.
627 2073 783 2132 Senatorum
801 2076 953 2146 periculum
970 2083 1087 2142 auctum,

295 2151 462 2208 credentibus
473 2149 628 2206 Othonianis
643 2148 775 2206 militibus
785 2167 848 2206 vera
856 2167 925 2217 esse,
938 2149 1089 2222 quaeadie·

294 2225 429 2283 rebantur.
469 2223 621 2280 Intendehnt
634 2222 814 2290 formidinem,
830 2224 902 2296 quod
915 2224 1018 2298 publici
1027 2243 1089 2282 con·

294 2300 349 2356 silii
359 2299 426 2356 facie
435 2298 583 2354 discessum
593 2299 705 2366 Mutina,
717 2300 889 2372 desutaeque
897 2307 985 2370 partes
995 2298 1087 2356 forent.

294 2375 350 2432 Nec
360 2375 1088 2448 ultraincommunecongressisibiquisqueoonsulu-

295 2467 352 2506 ere:
370 2449 456 2504 donec
470 2448 567 2504 missae
581 2449 688 2504 aFabio
696 2449 804 2507 Valente
817 2448 943 2520 epistolae
955 2450 1088 2506 damnent

295 2532 407 2654 netur&
445 2523 480 2578 Et
492 2540 564 2580 mors
574 2521 696 2590 Othonis,
707 2541 763 2597 quo
775 2524 942 2591 laudabilior,
953 2541 984 2584 ec
993 2523 1088 2582 veloci·

295 2617 328 2654 us
339 2615 373 2653 nu
394 2598 437 2652 'tu

349 2675 392 2728 te.
413 2671 554 2728 htRomae
567 2672 634 2728 nihil
646 2671 839 2745 trepidationis:
860 2671 981 2729 Cereales
990 2671 1046 2729 ludi
1055 2691 1087 2730 ex

297 2765 369 2806 more
389 2748 599 2819 spectabantur„
623 2748 658 2804 Ut
675 2749 788 2805 cessisse
807 2749 860 2802 vita
873 2746 1014 2814 Othonem,
1033 2757 1086 2802 eta

297 2822 389 2878 Flavio
398 2819 505 2888 Sabino,
516 2821 646 2894 praefecto
657 2823 741 2889 urbis,
754 2822 827 2894 quod
839 2830 893 2878 mat
902 2823 931 2877 in
942 2821 1008 2877 urbe
1016 2823 1086 2878 mili-

298 2907 366 2966 tum,
377 2905 539 2958 sacramento
547 2897 646 2956 vitellii
656 2897 1086 2964 adactum,certinuctoresinthe·
