2559 3692
298 410 347 462 30⁰
490 414 527 469 ‚0.
547 412 737 458 CORNELII
755 412 893 459 TACITI

299 516 487 591 longissimum
499 528 602 568 aarum
620 513 732 587 peregit.
771 510 879 584 Quippe
898 520 924 567 et
936 528 1006 567 vera
1027 513 1115 579 bona,

295 606 368 669 quae
376 591 405 645 in
413 588 560 644 virtutibus
569 588 619 642 sita
628 594 702 653 sunt,
713 586 870 659 inpleverat,
878 586 1117 643 etoousularibus

298 662 330 720 ao
342 662 551 735 triumphalibus
563 662 727 717 ornamentis
740 661 869 732 praedito,
886 660 956 733 quid
971 661 1056 717 aliud
1066 663 1116 717 ad·

298 746 400 795 sunere
410 737 512 793 fortuna
521 735 639 809 poterat?
666 734 772 807 Opibus
785 737 879 791 nimiis
889 753 944 791 nou
953 737 1112 809 gaudebat,

214 860 216 865 .
298 813 433 885 speciosae
442 812 613 885 configurant.
638 810 707 865 Filia
717 817 798 881 atque
806 826 890 865 uxore
899 812 1110 882 superstitibus,

373 886 478 943 tvideri
488 886 568 940 etiam
577 885 681 950 ossus,
696 884 826 940 ineolumi
837 884 979 957 dignitate,
995 883 1111 941 florente

308 979 379 1028 arna,
390 960 474 1017 salvis
483 960 665 1015 adfinitatibus
675 966 701 1014 et
712 959 847 1025 amicitiis,
865 958 957 1014 futura
968 959 1109 1034 effugisse.

295 1038 378 1102 Nam,
399 1036 477 1091 sicuti
491 1034 588 1089 durare
601 1034 631 1089 in
644 1034 695 1089 bae
707 1032 856 1089 beatissimi
868 1034 972 1089 saeeuli
981 1033 1059 1101 lues,
1081 1052 1111 1090 ae

299 1112 447 1184 prinoipem
457 1109 602 1163 Traianum
610 1108 711 1174 ridere,
722 1106 839 1180 quodam
850 1109 966 1181 augurio
978 1112 1110 1183 votisque

299 1185 372 1257 apud
390 1191 494 1239 nonnas
512 1196 591 1237 aures
605 1183 789 1239 onninabatnr:
808 1183 845 1237 ita
858 1181 1002 1239 &unaue
1012 1186 1109 1240 mortis

298 1259 399 1335 grande
412 1257 537 1313 solatium
553 1257 622 1323 tulit,
643 1256 761 1313 evasisse
773 1258 939 1329 postremum
955 1258 1029 1313 illud
1040 1266 1109 1314 nru-

299 1350 361 1407 pns,
377 1348 433 1405 quo
445 1332 622 1396 Domitianus,
639 1348 693 1387 non
704 1334 758 1386 iam
766 1349 816 1403 per
824 1332 966 1387 intervalla
976 1351 1011 1388 ao
1020 1336 1108 1407 spira-

300 1414 388 1463 menta
397 1416 558 1479 temporum,
574 1406 622 1463 sed
631 1406 1019 1475 oontinuoetvelutunoiotu,
1036 1426 1106 1463 rern-

299 1482 435 1555 publieam
445 1482 576 1539 exhausit.
730 1516 733 1519 ⁴

355 1560 397 1613 te.
417 1558 476 1613 Non
489 1557 558 1611 vidit
573 1554 695 1629 Agricola
706 1555 844 1611 obsemm
857 1556 973 1622 auriam,
993 1564 1024 1612 et
1033 1556 1106 1613 clau·

300 1648 362 1687 aum
375 1633 459 1687 armis
471 1638 605 1696 senatum,
621 1638 649 1685 et
662 1629 755 1685 wem
768 1638 857 1704 strage
871 1631 1104 1687 toteousulariurn

299 1707 402 1773 medes,
413 1714 450 1763 tot
459 1704 688 1761 nobilissimarum
698 1704 858 1760 feminarum
869 1704 967 1765 exsilia
975 1714 1002 1761 et
1014 1706 1102 1781 fugas.

300 1783 357 1838 [lna
376 1782 464 1837 adhue
481 1781 591 1837 victoria
602 1779 689 1835 Carus
698 1781 795 1835 Metius
804 1780 974 1847 oensebatur,
995 1789 1025 1837 et
1035 1782 1104 1837 intra

299 1858 526 1935 Albanamaroern
535 1855 665 1911 sententia
674 1854 811 1910 Messalini
821 1856 964 1927 strepebat,
979 1863 1007 1911 et
1016 1857 1104 1911 Massa

299 1933 414 1988 baebius
426 1932 481 1987 iam
495 1938 553 1985 tum
567 1946 630 1985 reus
639 1937 703 1984 erat.
742 1930 805 1986 blox
813 1922 1034 1986 nwffleduxare
1043 1932 1103 1986 liel-

300 2008 405 2063 tidium
421 2006 451 2061 in
461 2020 601 2061 oaroerenr
616 2020 734 2060 ¹ruauust
754 2020 804 2060 nes
817 2005 929 2061 Maurici
940 2004 1102 2079 Rusticique

300 2083 386 2148 risus,
397 2098 447 2137 nos
457 2079 590 2135 innocenti
599 2080 731 2153 sangarius
739 2078 849 2135 &neoto
862 2078 992 2151 pertudit.
1034 2082 1102 2137 Nero

299 2163 387 2211 tamen
401 2156 533 2212 subtraxit
545 2152 647 2219 oeulos,
661 2154 797 2227 iussitque
810 2154 919 2219 seelera,
933 2160 1101 2229 nonaperua‘-

298 2231 351 2287 vit:
372 2232 514 2302 praecipua
532 2229 585 2285 sub
598 2226 747 2285 martiano
765 2229 936 2283 miseriarum
956 2238 1099 2300 parserat,

300 2305 390 2359 videre
399 2312 424 2359 et
433 2304 544 2375 adspiei,
556 2321 618 2359 eum
628 2304 746 2375 suspiria
754 2311 845 2359 nostra
854 2303 1098 2370 subscriberentur,

299 2396 361 2435 eum
371 2379 527 2434 denoundis
538 2385 575 2433 tot
590 2374 731 2433 hominum
739 2376 887 2450 palloribus
897 2375 1036 2440 auffieeret
1044 2396 1100 2435 sae·

298 2472 350 2510 vrrs
360 2452 406 2509 ille
415 2452 506 2508 vultus
514 2460 541 2507 et
549 2452 641 2519 rubor,
651 2470 707 2525 quo
715 2460 842 2509 seoontm
852 2452 984 2525 pudorem
993 2456 1099 2511 munie-

299 2530 354 2586 bat.
393 2529 433 2583 Tu
443 2544 515 2595 varo,
528 2526 602 2593 lelix,
614 2526 745 2602 Agricola,
758 2544 812 2583 uon
826 2528 898 2583 vitae
906 2534 1013 2583 tanturn
1023 2528 1099 2585 olari-

300 2612 359 2671 tate,
371 2604 420 2660 aed
429 2604 509 2659 etiam
519 2604 714 2675 opportunitate
722 2604 826 2667 mnus,
837 2601 878 2676 (ut
885 2602 1041 2674 perbibent,
1052 2605 1097 2677 qui

299 2679 476 2751 interfuerunt
493 2675 651 2734 novissimis
668 2678 838 2733 sermonibus
856 2675 921 2749 tuis)
936 2684 1062 2733 onustans
1074 2685 1098 2732 et

295 2754 386 2810 ¹libans
405 2754 489 2811 fatum
507 2751 650 2822 exoepisti3
680 2758 817 2823 umquam
831 2766 881 2822 pro
894 2752 966 2807 virili
980 2754 1097 2825 portione

299 2831 476 2885 innoeentiam
486 2825 601 2898 prineipi
611 2823 733 2880 donares.
745 2824 797 2880 Sed
806 2826 875 2880 milri
883 2824 1097 2899 tiliaequeprae-

299 2911 338 2957 tar
346 2904 514 2958 acerbitatem
523 2899 641 2971 peremis
650 2900 743 2970 awti,
754 2909 834 2975 auget
842 2901 1014 2969 meatitiam,
1028 2900 1097 2976 quod
