<?xml version="1.0" encoding="UTF-8"?>
<!DOCTYPE html PUBLIC "-//W3C//DTD XHTML 1.0 Transitional//EN"
    "http://www.w3.org/TR/xhtml1/DTD/xhtml1-transitional.dtd">
<html xmlns="http://www.w3.org/1999/xhtml" xml:lang="en" lang="en">
 <head>
  <title>
</title>
<meta http-equiv="Content-Type" content="text/html;charset=utf-8" />
  <meta name='ocr-system' content='tesseract 3.04.00' />
  <meta name='ocr-capabilities' content='ocr_page ocr_carea ocr_par ocr_line ocrx_word'/>
</head>
<body>
  <div class='ocr_page' id='page_1' title='image "./operaquoadextan01tacigoog_0078.png"; bbox 0 0 2559 3692; ppageno 0'>
   <div class='ocr_carea' id='block_1_1' title="bbox 332 438 1115 509">
    <p class='ocr_par' dir='ltr' id='par_1_1' title="bbox 332 438 1115 509">
     <span class='ocr_line' id='line_1_1' title="bbox 332 438 1115 509; baseline -0.003 -12"><span class='ocrx_word' id='word_1_1' title='bbox 332 443 365 497; x_wconf 77' lang='lat' dir='ltr'><strong>tl</strong></span> <span class='ocrx_word' id='word_1_2' title='bbox 565 445 881 492; x_wconf 79' lang='lat' dir='ltr'><strong>ursroarrnun</strong></span> <span class='ocrx_word' id='word_1_3' title='bbox 980 438 1115 509; x_wconf 71' lang='lat' dir='ltr'><strong>(ansa.</strong></span> 
     </span>
    </p>
   </div>
   <div class='ocr_carea' id='block_1_2' title="bbox 332 543 1119 2890">
    <p class='ocr_par' dir='ltr' id='par_1_2' title="bbox 333 543 1118 617">
     <span class='ocr_line' id='line_1_2' title="bbox 333 543 1118 617; baseline -0.003 -15"><span class='ocrx_word' id='word_1_4' title='bbox 333 545 433 602; x_wconf 86' lang='lat' dir='ltr'><strong>Valenti</strong></span> <span class='ocrx_word' id='word_1_5' title='bbox 447 545 583 600; x_wconf 73' lang='lat' dir='ltr'><strong>adiuuem</strong></span> <span class='ocrx_word' id='word_1_6' title='bbox 595 543 744 609; x_wconf 78' lang='lat' dir='ltr'><strong>retulimus,</strong></span> <span class='ocrx_word' id='word_1_7' title='bbox 758 543 872 614; x_wconf 84' lang='lat' dir='ltr'><strong>superbe</strong></span> <span class='ocrx_word' id='word_1_8' title='bbox 883 543 1007 617; x_wconf 75' lang='lat' dir='ltr'><strong>agebant3</strong></span> <span class='ocrx_word' id='word_1_9' title='bbox 1028 553 1060 599; x_wconf 92' lang='lat' dir='ltr'><strong>ut</strong></span> <span class='ocrx_word' id='word_1_10' title='bbox 1068 563 1118 600; x_wconf 87' lang='lat' dir='ltr'><strong>cn·</strong></span> 
     </span>
    </p>

    <p class='ocr_par' dir='ltr' id='par_1_3' title="bbox 332 617 1118 692">
     <span class='ocr_line' id='line_1_3' title="bbox 332 617 1118 692; baseline -0.001 -17"><span class='ocrx_word' id='word_1_11' title='bbox 332 620 429 691; x_wconf 82' lang='lat' dir='ltr'><strong>iusque</strong></span> <span class='ocrx_word' id='word_1_12' title='bbox 447 618 557 692; x_wconf 76' lang='lat' dir='ltr'><strong>legionis</strong></span> <span class='ocrx_word' id='word_1_13' title='bbox 575 618 683 672; x_wconf 85' lang='lat' dir='ltr'><strong>tentoria</strong></span> <span class='ocrx_word' id='word_1_14' title='bbox 701 617 885 688; x_wconf 62' lang='lat' dir='ltr'><strong>eminent,</strong></span> <span class='ocrx_word' id='word_1_15' title='bbox 911 623 1034 674; x_wconf 60' lang='lat' dir='ltr'><strong>matos</strong></span> <span class='ocrx_word' id='word_1_16' title='bbox 1052 637 1071 674; x_wconf 83' lang='lat' dir='ltr'><strong>o</strong></span> <span class='ocrx_word' id='word_1_17' title='bbox 1090 637 1118 673; x_wconf 83' lang='lat' dir='ltr'><strong>ec</strong></span> 
     </span>
    </p>

    <p class='ocr_par' dir='ltr' id='par_1_4' title="bbox 332 690 1118 762">
     <span class='ocr_line' id='line_1_4' title="bbox 332 690 1118 762; baseline -0.003 -14"><span class='ocrx_word' id='word_1_18' title='bbox 332 691 577 762; x_wconf 70' lang='lat' dir='ltr'><strong>quartadecimanos}</strong></span> <span class='ocrx_word' id='word_1_19' title='bbox 587 690 1118 759; x_wconf 64' lang='lat' dir='ltr'><strong>oeconomicamatquomm</strong></span> 
     </span>
    </p>

    <p class='ocr_par' dir='ltr' id='par_1_5' title="bbox 333 756 1119 834">
     <span class='ocr_line' id='line_1_5' title="bbox 333 756 1119 834; baseline -0.003 -12"><span class='ocrx_word' id='word_1_20' title='bbox 333 769 392 822; x_wconf 74' lang='lat' dir='ltr'><strong>balli</strong></span> <span class='ocrx_word' id='word_1_21' title='bbox 401 756 530 834; x_wconf 65' lang='lat' dir='ltr'><strong>paldmot</strong></span> <span class='ocrx_word' id='word_1_22' title='bbox 539 769 567 818; x_wconf 81' lang='lat' dir='ltr'><strong>io</strong></span> <span class='ocrx_word' id='word_1_23' title='bbox 576 766 867 831; x_wconf 68' lang='lat' dir='ltr'><strong>tpummoaaatarm,</strong></span> <span class='ocrx_word' id='word_1_24' title='bbox 876 763 1009 818; x_wconf 65' lang='lat' dir='ltr'><strong>manum.</strong></span> <span class='ocrx_word' id='word_1_25' title='bbox 1047 763 1119 820; x_wconf 87' lang='lat' dir='ltr'><strong>Con·</strong></span> 
     </span>
    </p>

    <p class='ocr_par' dir='ltr' id='par_1_6' title="bbox 333 835 1118 1053">
     <span class='ocr_line' id='line_1_6' title="bbox 333 835 1118 907; baseline 0 -13"><span class='ocrx_word' id='word_1_26' title='bbox 333 835 819 900; x_wconf 84' lang='lat' dir='ltr'><strong>tumeliosumidmilitibus.noorbum</strong></span> <span class='ocrx_word' id='word_1_27' title='bbox 826 835 904 892; x_wconf 87' lang='lat' dir='ltr'><strong>duci:</strong></span> <span class='ocrx_word' id='word_1_28' title='bbox 923 844 1051 907; x_wconf 79' lang='lat' dir='ltr'><strong>conrupta</strong></span> <span class='ocrx_word' id='word_1_29' title='bbox 1059 839 1118 894; x_wconf 85' lang='lat' dir='ltr'><strong>iur-</strong></span> 
     </span>
     <span class='ocr_line' id='line_1_7' title="bbox 352 907 1118 981; baseline 0 -15"><span class='ocrx_word' id='word_1_30' title='bbox 352 912 384 966; x_wconf 89' lang='lat' dir='ltr'><strong>&#39;is</strong></span> <span class='ocrx_word' id='word_1_31' title='bbox 394 919 439 966; x_wconf 86' lang='lat' dir='ltr'><strong>aut</strong></span> <span class='ocrx_word' id='word_1_32' title='bbox 447 911 513 964; x_wconf 86' lang='lat' dir='ltr'><strong>rixis</strong></span> <span class='ocrx_word' id='word_1_33' title='bbox 522 909 675 980; x_wconf 79' lang='lat' dir='ltr'><strong>disciplina:</strong></span> <span class='ocrx_word' id='word_1_34' title='bbox 694 907 729 964; x_wconf 85' lang='lat' dir='ltr'><strong>nd</strong></span> <span class='ocrx_word' id='word_1_35' title='bbox 738 916 900 979; x_wconf 77' lang='lat' dir='ltr'><strong>postremum</strong></span> <span class='ocrx_word' id='word_1_36' title='bbox 909 909 1118 981; x_wconf 80' lang='lat' dir='ltr'><strong>Valensopetu·</strong></span> 
     </span>
     <span class='ocr_line' id='line_1_8' title="bbox 359 982 830 1053; baseline -0.004 -13"><span class='ocrx_word' id='word_1_37' title='bbox 359 986 412 1040; x_wconf 83' lang='lat' dir='ltr'><strong>ntia</strong></span> <span class='ocrx_word' id='word_1_38' title='bbox 422 984 500 1038; x_wconf 89' lang='lat' dir='ltr'><strong>etiam</strong></span> <span class='ocrx_word' id='word_1_39' title='bbox 511 982 648 1053; x_wconf 86' lang='lat' dir='ltr'><strong>perfidiam</strong></span> <span class='ocrx_word' id='word_1_40' title='bbox 657 982 830 1052; x_wconf 76' lang='lat' dir='ltr'><strong>suspectabat.</strong></span> 
     </span>
    </p>

    <p class='ocr_par' dir='ltr' id='par_1_7' title="bbox 332 1054 1118 1930">
     <span class='ocr_line' id='line_1_9' title="bbox 386 1054 1118 1128; baseline -0.001 -15"><span class='ocrx_word' id='word_1_41' title='bbox 386 1061 428 1114; x_wconf 75' lang='lat' dir='ltr'><strong>at.</strong></span> <span class='ocrx_word' id='word_1_42' title='bbox 448 1057 530 1128; x_wconf 77' lang='lat' dir='ltr'><strong>Igitur</strong></span> <span class='ocrx_word' id='word_1_43' title='bbox 544 1057 636 1110; x_wconf 90' lang='lat' dir='ltr'><strong>nuntio</strong></span> <span class='ocrx_word' id='word_1_44' title='bbox 648 1054 742 1120; x_wconf 85' lang='lat' dir='ltr'><strong>adlato,</strong></span> <span class='ocrx_word' id='word_1_45' title='bbox 750 1059 855 1123; x_wconf 63' lang='lat' dir='ltr'><strong>mmor</strong></span> <span class='ocrx_word' id='word_1_46' title='bbox 869 1056 1036 1110; x_wconf 70' lang='lat' dir='ltr'><strong>liemarum</strong></span> <span class='ocrx_word' id='word_1_47' title='bbox 1045 1059 1118 1112; x_wconf 77' lang='lat' dir='ltr'><strong>otoo</strong></span> 
     </span>
     <span class='ocr_line' id='line_1_10' title="bbox 335 1127 1117 1198; baseline 0 -16"><span class='ocrx_word' id='word_1_48' title='bbox 335 1133 497 1198; x_wconf 63' lang='lat' dir='ltr'><strong>iunctosque</strong></span> <span class='ocrx_word' id='word_1_49' title='bbox 514 1147 532 1184; x_wconf 82' lang='lat' dir='ltr'><strong>a</strong></span> <span class='ocrx_word' id='word_1_50' title='bbox 548 1132 628 1184; x_wconf 83' lang='lat' dir='ltr'><strong>classa</strong></span> <span class='ocrx_word' id='word_1_51' title='bbox 643 1129 748 1184; x_wconf 73' lang='lat' dir='ltr'><strong>Othonis</strong></span> <span class='ocrx_word' id='word_1_52' title='bbox 759 1137 784 1184; x_wconf 73' lang='lat' dir='ltr'><strong>ot</strong></span> <span class='ocrx_word' id='word_1_53' title='bbox 797 1129 985 1183; x_wconf 78' lang='lat' dir='ltr'><strong>Nordotacnacm</strong></span> <span class='ocrx_word' id='word_1_54' title='bbox 1000 1127 1117 1184; x_wconf 69' lang='lat' dir='ltr'><strong>Gnidum</strong></span> 
     </span>
     <span class='ocr_line' id='line_1_11' title="bbox 334 1200 1118 1268; baseline -0.003 -10"><span class='ocrx_word' id='word_1_55' title='bbox 334 1206 466 1258; x_wconf 79' lang='lat' dir='ltr'><strong>circumiri</strong></span> <span class='ocrx_word' id='word_1_56' title='bbox 469 1221 478 1268; x_wconf 92' lang='lat'><strong>‚·</strong></span> <span class='ocrx_word' id='word_1_57' title='bbox 497 1200 578 1257; x_wconf 89' lang='lat' dir='ltr'><strong>simul</strong></span> <span class='ocrx_word' id='word_1_58' title='bbox 587 1219 650 1256; x_wconf 88' lang='lat' dir='ltr'><strong>cura</strong></span> <span class='ocrx_word' id='word_1_59' title='bbox 659 1202 743 1256; x_wconf 84' lang='lat' dir='ltr'><strong>socios</strong></span> <span class='ocrx_word' id='word_1_60' title='bbox 752 1201 842 1256; x_wconf 74' lang='lat' dir='ltr'><strong>utendi</strong></span> <span class='ocrx_word' id='word_1_61' title='bbox 851 1209 877 1256; x_wconf 84' lang='lat' dir='ltr'><strong>at</strong></span> <span class='ocrx_word' id='word_1_62' title='bbox 885 1201 993 1256; x_wconf 84' lang='lat' dir='ltr'><strong>militari</strong></span> <span class='ocrx_word' id='word_1_63' title='bbox 1000 1210 1061 1256; x_wconf 87' lang='lat' dir='ltr'><strong>astu</strong></span> <span class='ocrx_word' id='word_1_64' title='bbox 1072 1220 1118 1256; x_wconf 91' lang='lat' dir='ltr'><strong>co-</strong></span> 
     </span>
     <span class='ocr_line' id='line_1_12' title="bbox 333 1272 1118 1346; baseline -0.001 -16"><span class='ocrx_word' id='word_1_65' title='bbox 333 1275 419 1331; x_wconf 88' lang='lat' dir='ltr'><strong>hortos</strong></span> <span class='ocrx_word' id='word_1_66' title='bbox 434 1274 560 1338; x_wconf 74' lang='lat' dir='ltr'><strong>turbidas,</strong></span> <span class='ocrx_word' id='word_1_67' title='bbox 575 1291 614 1340; x_wconf 83' lang='lat' dir='ltr'><strong>nc,</strong></span> <span class='ocrx_word' id='word_1_68' title='bbox 630 1275 655 1329; x_wconf 85' lang='lat' dir='ltr'><strong>si</strong></span> <span class='ocrx_word' id='word_1_69' title='bbox 665 1272 819 1338; x_wconf 75' lang='lat' dir='ltr'><strong>maiorem,</strong></span> <span class='ocrx_word' id='word_1_70' title='bbox 829 1273 1001 1345; x_wconf 79' lang='lat' dir='ltr'><strong>praevalidas,</strong></span> <span class='ocrx_word' id='word_1_71' title='bbox 1010 1275 1118 1346; x_wconf 87' lang='lat' dir='ltr'><strong>disper-</strong></span> 
     </span>
     <span class='ocr_line' id='line_1_13' title="bbox 332 1347 1118 1421; baseline 0 -17"><span class='ocrx_word' id='word_1_72' title='bbox 332 1347 421 1421; x_wconf 78' lang='lat' dir='ltr'><strong>gandi,</strong></span> <span class='ocrx_word' id='word_1_73' title='bbox 431 1348 691 1418; x_wconf 79' lang='lat' dir='ltr'><strong>partemllatavorum</strong></span> <span class='ocrx_word' id='word_1_74' title='bbox 700 1349 738 1402; x_wconf 88' lang='lat' dir='ltr'><strong>ira</strong></span> <span class='ocrx_word' id='word_1_75' title='bbox 747 1349 776 1402; x_wconf 88' lang='lat' dir='ltr'><strong>in</strong></span> <span class='ocrx_word' id='word_1_76' title='bbox 784 1348 934 1403; x_wconf 73' lang='lat' dir='ltr'>subsidium</span> <span class='ocrx_word' id='word_1_77' title='bbox 944 1347 1026 1404; x_wconf 89' lang='lat' dir='ltr'><strong>iubet.</strong></span> <span class='ocrx_word' id='word_1_78' title='bbox 1038 1348 1118 1416; x_wconf 80' lang='lat' dir='ltr'><strong>Quod</strong></span> 
     </span>
     <span class='ocr_line' id='line_1_14' title="bbox 333 1419 1118 1496; baseline 0 -19"><span class='ocrx_word' id='word_1_79' title='bbox 333 1421 380 1477; x_wconf 90' lang='lat' dir='ltr'><strong>ubi</strong></span> <span class='ocrx_word' id='word_1_80' title='bbox 389 1421 508 1476; x_wconf 85' lang='lat' dir='ltr'><strong>auditum</strong></span> <span class='ocrx_word' id='word_1_81' title='bbox 517 1419 837 1494; x_wconf 81' lang='lat' dir='ltr'><strong>vulgatumque,maarera</strong></span> <span class='ocrx_word' id='word_1_82' title='bbox 844 1422 918 1487; x_wconf 78' lang='lat' dir='ltr'><strong>socii,</strong></span> <span class='ocrx_word' id='word_1_83' title='bbox 928 1420 1040 1476; x_wconf 73' lang='lat' dir='ltr'><strong>fremere</strong></span> <span class='ocrx_word' id='word_1_84' title='bbox 1049 1422 1118 1496; x_wconf 80' lang='lat' dir='ltr'><strong>legi-</strong></span> 
     </span>
     <span class='ocr_line' id='line_1_15' title="bbox 332 1497 1117 1564; baseline 0.003 -14"><span class='ocrx_word' id='word_1_85' title='bbox 332 1512 409 1550; x_wconf 86' lang='lat' dir='ltr'><strong>ones:</strong></span> <span class='ocrx_word' id='word_1_86' title='bbox 430 1497 519 1550; x_wconf 80' lang='lat' dir='ltr'><strong>orbari</strong></span> <span class='ocrx_word' id='word_1_87' title='bbox 526 1512 552 1548; x_wconf 81' lang='lat' dir='ltr'><strong>sc</strong></span> <span class='ocrx_word' id='word_1_88' title='bbox 560 1499 756 1564; x_wconf 65' lang='lat' dir='ltr'><strong>fortissimorum</strong></span> <span class='ocrx_word' id='word_1_89' title='bbox 764 1499 879 1550; x_wconf 73' lang='lat' dir='ltr'><strong>otrorm</strong></span> <span class='ocrx_word' id='word_1_90' title='bbox 887 1499 1002 1550; x_wconf 75' lang='lat' dir='ltr'><strong>auxilio:</strong></span> <span class='ocrx_word' id='word_1_91' title='bbox 1018 1505 1117 1561; x_wconf 75' lang='lat' dir='ltr'><strong>soteres</strong></span> 
     </span>
     <span class='ocr_line' id='line_1_16' title="bbox 333 1571 1118 1636; baseline -0.001 -12"><span class='ocrx_word' id='word_1_92' title='bbox 333 1573 392 1624; x_wconf 82' lang='lat' dir='ltr'><strong>illos</strong></span> <span class='ocrx_word' id='word_1_93' title='bbox 405 1577 429 1622; x_wconf 87' lang='lat' dir='ltr'><strong>ct</strong></span> <span class='ocrx_word' id='word_1_94' title='bbox 443 1577 478 1622; x_wconf 86' lang='lat' dir='ltr'><strong>lot</strong></span> <span class='ocrx_word' id='word_1_95' title='bbox 490 1571 612 1622; x_wconf 81' lang='lat' dir='ltr'><strong>bellorum</strong></span> <span class='ocrx_word' id='word_1_96' title='bbox 624 1571 740 1630; x_wconf 77' lang='lat' dir='ltr'><strong>victores,</strong></span> <span class='ocrx_word' id='word_1_97' title='bbox 748 1576 884 1636; x_wconf 77' lang='lat' dir='ltr'><strong>postquam</strong></span> <span class='ocrx_word' id='word_1_98' title='bbox 896 1572 925 1623; x_wconf 80' lang='lat' dir='ltr'><strong>io</strong></span> <span class='ocrx_word' id='word_1_99' title='bbox 938 1579 1074 1636; x_wconf 77' lang='lat' dir='ltr'><strong>conspectu</strong></span> <span class='ocrx_word' id='word_1_100' title='bbox 1082 1575 1118 1624; x_wconf 81' lang='lat' dir='ltr'><strong>sit</strong></span> 
     </span>
     <span class='ocr_line' id='line_1_17' title="bbox 333 1645 1118 1710; baseline 0.001 -14"><span class='ocrx_word' id='word_1_101' title='bbox 333 1645 419 1706; x_wconf 68' lang='lat' dir='ltr'><strong>hostia</strong></span> <span class='ocrx_word' id='word_1_102' title='bbox 433 1645 501 1695; x_wconf 81' lang='lat' dir='ltr'><strong>velut</strong></span> <span class='ocrx_word' id='word_1_103' title='bbox 513 1659 547 1696; x_wconf 78' lang='lat' dir='ltr'><strong>ec</strong></span> <span class='ocrx_word' id='word_1_104' title='bbox 557 1646 617 1696; x_wconf 80' lang='lat' dir='ltr'><strong>coia</strong></span> <span class='ocrx_word' id='word_1_105' title='bbox 629 1645 736 1696; x_wconf 77' lang='lat' dir='ltr'><strong>obduci:</strong></span> <span class='ocrx_word' id='word_1_106' title='bbox 752 1645 779 1696; x_wconf 84' lang='lat' dir='ltr'><strong>si</strong></span> <span class='ocrx_word' id='word_1_107' title='bbox 785 1646 920 1710; x_wconf 82' lang='lat' dir='ltr'><strong>provincio</strong></span> <span class='ocrx_word' id='word_1_108' title='bbox 928 1645 991 1698; x_wconf 82' lang='lat' dir='ltr'><strong>urbo</strong></span> <span class='ocrx_word' id='word_1_109' title='bbox 999 1651 1023 1696; x_wconf 86' lang='lat' dir='ltr'><strong>et</strong></span> <span class='ocrx_word' id='word_1_110' title='bbox 1032 1645 1118 1698; x_wconf 81' lang='lat' dir='ltr'><strong>soluto</strong></span> 
     </span>
     <span class='ocr_line' id='line_1_18' title="bbox 333 1714 1118 1784; baseline -0.001 -13"><span class='ocrx_word' id='word_1_111' title='bbox 333 1719 434 1784; x_wconf 80' lang='lat' dir='ltr'><strong>imperii</strong></span> <span class='ocrx_word' id='word_1_112' title='bbox 440 1719 526 1784; x_wconf 84' lang='lat' dir='ltr'><strong>potior</strong></span> <span class='ocrx_word' id='word_1_113' title='bbox 534 1719 576 1780; x_wconf 81' lang='lat' dir='ltr'><strong>cit,</strong></span> <span class='ocrx_word' id='word_1_114' title='bbox 586 1732 670 1770; x_wconf 80' lang='lat' dir='ltr'><strong>amaea</strong></span> <span class='ocrx_word' id='word_1_115' title='bbox 678 1719 741 1769; x_wconf 83' lang='lat' dir='ltr'><strong>illoc</strong></span> <span class='ocrx_word' id='word_1_116' title='bbox 749 1714 926 1784; x_wconf 67' lang='lat' dir='ltr'><strong>reponentur:</strong></span> <span class='ocrx_word' id='word_1_117' title='bbox 941 1720 1118 1770; x_wconf 82' lang='lat' dir='ltr'><strong>ciooictoriac</strong></span> 
     </span>
     <span class='ocr_line' id='line_1_19' title="bbox 333 1789 1116 1853; baseline -0.003 -7"><span class='ocrx_word' id='word_1_118' title='bbox 333 1793 669 1853; x_wconf 80' lang='lat' dir='ltr'><strong>tanitca,·suatcntaculum,</strong></span> <span class='ocrx_word' id='word_1_119' title='bbox 691 1792 803 1844; x_wconf 85' lang='lat' dir='ltr'><strong>columen</strong></span> <span class='ocrx_word' id='word_1_120' title='bbox 822 1789 1116 1853; x_wconf 59' lang='lat' dir='ltr'><strong>irritamentorum,</strong></span> 
     </span>
     <span class='ocr_line' id='line_1_20' title="bbox 332 1864 1012 1930; baseline -0.004 -12"><span class='ocrx_word' id='word_1_121' title='bbox 332 1881 383 1918; x_wconf 80' lang='lat' dir='ltr'><strong>con</strong></span> <span class='ocrx_word' id='word_1_122' title='bbox 391 1865 581 1930; x_wconf 77' lang='lat' dir='ltr'><strong>abrumpendos,</strong></span> <span class='ocrx_word' id='word_1_123' title='bbox 593 1864 923 1929; x_wconf 61' lang='lat' dir='ltr'><strong>accommodatissimas</strong></span> <span class='ocrx_word' id='word_1_124' title='bbox 931 1871 1012 1915; x_wconf 84' lang='lat' dir='ltr'><strong>ortas.</strong></span> 
     </span>
    </p>

    <p class='ocr_par' dir='ltr' id='par_1_8' title="bbox 333 1933 1118 2890">
     <span class='ocr_line' id='line_1_21' title="bbox 386 1933 1117 2006; baseline -0.004 -13"><span class='ocrx_word' id='word_1_125' title='bbox 386 1939 428 1994; x_wconf 77' lang='grc'><strong>29.</strong></span> <span class='ocrx_word' id='word_1_126' title='bbox 449 1933 776 1997; x_wconf 79' lang='lat' dir='ltr'><strong>Haeclerociteriactando‚</strong></span> <span class='ocrx_word' id='word_1_127' title='bbox 791 1941 940 2006; x_wconf 84' lang='lat' dir='ltr'><strong>postquam,</strong></span> <span class='ocrx_word' id='word_1_128' title='bbox 950 1935 1073 1990; x_wconf 81' lang='lat' dir='ltr'><strong>inmissis</strong></span> <span class='ocrx_word' id='word_1_129' title='bbox 1083 1934 1117 1990; x_wconf 91' lang='lat' dir='ltr'><strong>li·</strong></span> 
     </span>
     <span class='ocr_line' id='line_1_22' title="bbox 333 2006 1116 2081; baseline -0.004 -14"><span class='ocrx_word' id='word_1_130' title='bbox 333 2011 457 2072; x_wconf 84' lang='lat' dir='ltr'><strong>ctoribus,</strong></span> <span class='ocrx_word' id='word_1_131' title='bbox 466 2007 562 2062; x_wconf 85' lang='lat' dir='ltr'><strong>Valens</strong></span> <span class='ocrx_word' id='word_1_132' title='bbox 576 2023 691 2061; x_wconf 89' lang='lat' dir='ltr'><strong>coercere</strong></span> <span class='ocrx_word' id='word_1_133' title='bbox 704 2006 857 2062; x_wconf 79' lang='lat' dir='ltr'><strong>seditionem</strong></span> <span class='ocrx_word' id='word_1_134' title='bbox 869 2009 1010 2079; x_wconf 75' lang='lat' dir='ltr'>coeptabat,</span> <span class='ocrx_word' id='word_1_135' title='bbox 1022 2010 1116 2081; x_wconf 92' lang='lat' dir='ltr'><strong>ipsum</strong></span> 
     </span>
     <span class='ocr_line' id='line_1_23' title="bbox 333 2079 1118 2155; baseline -0.003 -16"><span class='ocrx_word' id='word_1_136' title='bbox 333 2083 469 2145; x_wconf 86' lang='lat' dir='ltr'><strong>invadunt,</strong></span> <span class='ocrx_word' id='word_1_137' title='bbox 485 2098 548 2134; x_wconf 85' lang='lat' dir='ltr'><strong>saxa</strong></span> <span class='ocrx_word' id='word_1_138' title='bbox 561 2080 672 2143; x_wconf 82' lang='lat' dir='ltr'><strong>iaciunt,</strong></span> <span class='ocrx_word' id='word_1_139' title='bbox 689 2079 832 2152; x_wconf 78' lang='lat' dir='ltr'><strong>fugientem</strong></span> <span class='ocrx_word' id='word_1_140' title='bbox 845 2090 1005 2155; x_wconf 78' lang='lat' dir='ltr'><strong>sequuntur3</strong></span> <span class='ocrx_word' id='word_1_141' title='bbox 1030 2087 1118 2151; x_wconf 82' lang='lat' dir='ltr'><strong>spolio</strong></span> 
     </span>
     <span class='ocr_line' id='line_1_24' title="bbox 335 2153 1117 2225; baseline -0.001 -13"><span class='ocrx_word' id='word_1_142' title='bbox 335 2157 480 2213; x_wconf 79' lang='lat' dir='ltr'><strong>Galliarum</strong></span> <span class='ocrx_word' id='word_1_143' title='bbox 490 2162 513 2206; x_wconf 87' lang='lat' dir='ltr'><strong>ct</strong></span> <span class='ocrx_word' id='word_1_144' title='bbox 528 2153 701 2206; x_wconf 66' lang='lat' dir='ltr'><strong>Viennensium</strong></span> <span class='ocrx_word' id='word_1_145' title='bbox 715 2172 808 2208; x_wconf 84' lang='lat' dir='ltr'><strong>curam</strong></span> <span class='ocrx_word' id='word_1_146' title='bbox 817 2164 842 2208; x_wconf 88' lang='lat' dir='ltr'><strong>ct</strong></span> <span class='ocrx_word' id='word_1_147' title='bbox 848 2160 934 2225; x_wconf 82' lang='lat' dir='ltr'><strong>pretia</strong></span> <span class='ocrx_word' id='word_1_148' title='bbox 944 2159 1061 2210; x_wconf 83' lang='lat' dir='ltr'><strong>laborum</strong></span> <span class='ocrx_word' id='word_1_149' title='bbox 1069 2175 1117 2211; x_wconf 84' lang='lat' dir='ltr'><strong>su-</strong></span> 
     </span>
     <span class='ocr_line' id='line_1_25' title="bbox 333 2225 1118 2298; baseline 0 -14"><span class='ocrx_word' id='word_1_150' title='bbox 333 2247 406 2284; x_wconf 81' lang='lat' dir='ltr'><strong>orum</strong></span> <span class='ocrx_word' id='word_1_151' title='bbox 420 2230 548 2282; x_wconf 84' lang='lat' dir='ltr'><strong>occultare</strong></span> <span class='ocrx_word' id='word_1_152' title='bbox 561 2225 731 2293; x_wconf 74' lang='lat' dir='ltr'><strong>clamitantes,</strong></span> <span class='ocrx_word' id='word_1_153' title='bbox 742 2227 850 2298; x_wconf 87' lang='lat' dir='ltr'><strong>direptis</strong></span> <span class='ocrx_word' id='word_1_154' title='bbox 860 2229 979 2294; x_wconf 81' lang='lat' dir='ltr'><strong>sarcinis,</strong></span> <span class='ocrx_word' id='word_1_155' title='bbox 993 2228 1118 2284; x_wconf 88' lang='lat' dir='ltr'><strong>taberna·</strong></span> 
     </span>
     <span class='ocr_line' id='line_1_26' title="bbox 333 2299 1118 2374; baseline 0.001 -17"><span class='ocrx_word' id='word_1_156' title='bbox 333 2300 391 2357; x_wconf 91' lang='lat' dir='ltr'><strong>cula</strong></span> <span class='ocrx_word' id='word_1_157' title='bbox 403 2301 488 2364; x_wconf 90' lang='lat' dir='ltr'><strong>ducis,</strong></span> <span class='ocrx_word' id='word_1_158' title='bbox 499 2299 637 2371; x_wconf 82' lang='lat' dir='ltr'><strong>ipsamque</strong></span> <span class='ocrx_word' id='word_1_159' title='bbox 646 2299 759 2356; x_wconf 91' lang='lat' dir='ltr'><strong>humum</strong></span> <span class='ocrx_word' id='word_1_160' title='bbox 769 2302 831 2374; x_wconf 88' lang='lat' dir='ltr'><strong>pilis</strong></span> <span class='ocrx_word' id='word_1_161' title='bbox 840 2311 865 2356; x_wconf 85' lang='lat' dir='ltr'><strong>et</strong></span> <span class='ocrx_word' id='word_1_162' title='bbox 874 2302 970 2357; x_wconf 90' lang='lat' dir='ltr'><strong>lanceis</strong></span> <span class='ocrx_word' id='word_1_163' title='bbox 979 2302 1118 2358; x_wconf 87' lang='lat' dir='ltr'><strong>rimaban-</strong></span> 
     </span>
     <span class='ocr_line' id='line_1_27' title="bbox 333 2371 1118 2448; baseline 0 -18"><span class='ocrx_word' id='word_1_164' title='bbox 333 2383 384 2430; x_wconf 86' lang='lat' dir='ltr'><strong>tur.</strong></span> <span class='ocrx_word' id='word_1_165' title='bbox 423 2375 490 2428; x_wconf 92' lang='lat' dir='ltr'><strong>Nam</strong></span> <span class='ocrx_word' id='word_1_166' title='bbox 499 2371 593 2428; x_wconf 89' lang='lat' dir='ltr'><strong>Valens</strong></span> <span class='ocrx_word' id='word_1_167' title='bbox 603 2373 692 2429; x_wconf 84' lang='lat' dir='ltr'><strong>servili</strong></span> <span class='ocrx_word' id='word_1_168' title='bbox 702 2383 774 2430; x_wconf 85' lang='lat' dir='ltr'><strong>veste</strong></span> <span class='ocrx_word' id='word_1_169' title='bbox 782 2376 852 2447; x_wconf 92' lang='lat' dir='ltr'><strong>apud</strong></span> <span class='ocrx_word' id='word_1_170' title='bbox 862 2376 1028 2432; x_wconf 87' lang='lat' dir='ltr'><strong>decurionem</strong></span> <span class='ocrx_word' id='word_1_171' title='bbox 1038 2379 1118 2448; x_wconf 92' lang='lat' dir='ltr'><strong>equi-</strong></span> 
     </span>
     <span class='ocr_line' id='line_1_28' title="bbox 333 2445 1117 2522; baseline 0.001 -19"><span class='ocrx_word' id='word_1_172' title='bbox 333 2456 389 2504; x_wconf 90' lang='lat' dir='ltr'><strong>tum</strong></span> <span class='ocrx_word' id='word_1_173' title='bbox 402 2448 544 2520; x_wconf 80' lang='lat' dir='ltr'><strong>tegebatur.</strong></span> <span class='ocrx_word' id='word_1_174' title='bbox 582 2445 651 2502; x_wconf 89' lang='lat' dir='ltr'><strong>Tum</strong></span> <span class='ocrx_word' id='word_1_175' title='bbox 660 2448 797 2519; x_wconf 79' lang='lat' dir='ltr'><strong>Alphenus</strong></span> <span class='ocrx_word' id='word_1_176' title='bbox 806 2450 900 2516; x_wconf 84' lang='lat' dir='ltr'><strong>Varus,</strong></span> <span class='ocrx_word' id='word_1_177' title='bbox 915 2448 1062 2522; x_wconf 80' lang='lat' dir='ltr'><strong>praefectus</strong></span> <span class='ocrx_word' id='word_1_178' title='bbox 1071 2467 1117 2504; x_wconf 89' lang='lat' dir='ltr'><strong>oa-</strong></span> 
     </span>
     <span class='ocr_line' id='line_1_29' title="bbox 333 2519 1117 2594; baseline 0.001 -17"><span class='ocrx_word' id='word_1_179' title='bbox 333 2531 456 2585; x_wconf 84' lang='lat' dir='ltr'><strong>strorum,</strong></span> <span class='ocrx_word' id='word_1_180' title='bbox 467 2519 623 2594; x_wconf 76' lang='lat' dir='ltr'><strong>deflagrante</strong></span> <span class='ocrx_word' id='word_1_181' title='bbox 631 2522 769 2592; x_wconf 82' lang='lat' dir='ltr'><strong>paullatim</strong></span> <span class='ocrx_word' id='word_1_182' title='bbox 779 2523 914 2589; x_wconf 79' lang='lat' dir='ltr'><strong>seditione.</strong></span> <span class='ocrx_word' id='word_1_183' title='bbox 926 2523 997 2578; x_wconf 89' lang='lat' dir='ltr'><strong>addit</strong></span> <span class='ocrx_word' id='word_1_184' title='bbox 1006 2524 1117 2592; x_wconf 87' lang='lat' dir='ltr'><strong>oonsili-</strong></span> 
     </span>
     <span class='ocr_line' id='line_1_30' title="bbox 333 2594 1116 2664; baseline 0.003 -14"><span class='ocrx_word' id='word_1_185' title='bbox 333 2611 389 2660; x_wconf 81' lang='lat' dir='ltr'><strong>um,</strong></span> <span class='ocrx_word' id='word_1_186' title='bbox 403 2596 487 2649; x_wconf 89' lang='lat' dir='ltr'><strong>vetitis</strong></span> <span class='ocrx_word' id='word_1_187' title='bbox 500 2595 571 2650; x_wconf 90' lang='lat' dir='ltr'><strong>abira</strong></span> <span class='ocrx_word' id='word_1_188' title='bbox 586 2595 609 2650; x_wconf 82' lang='lat' dir='ltr'><strong>vi</strong></span> <span class='ocrx_word' id='word_1_189' title='bbox 630 2594 688 2650; x_wconf 88' lang='lat' dir='ltr'><strong>&#39;lias</strong></span> <span class='ocrx_word' id='word_1_190' title='bbox 703 2598 909 2664; x_wconf 85' lang='lat' dir='ltr'><strong>centurionibus,</strong></span> <span class='ocrx_word' id='word_1_191' title='bbox 924 2597 1022 2652; x_wconf 86' lang='lat' dir='ltr'><strong>omisso</strong></span> <span class='ocrx_word' id='word_1_192' title='bbox 1035 2597 1116 2652; x_wconf 87' lang='lat' dir='ltr'><strong>tubae</strong></span> 
     </span>
     <span class='ocr_line' id='line_1_31' title="bbox 333 2665 1116 2743; baseline 0.001 -19"><span class='ocrx_word' id='word_1_193' title='bbox 333 2686 405 2734; x_wconf 86' lang='lat' dir='ltr'><strong>sono,</strong></span> <span class='ocrx_word' id='word_1_194' title='bbox 422 2685 475 2740; x_wconf 88' lang='lat' dir='ltr'><strong>quo</strong></span> <span class='ocrx_word' id='word_1_195' title='bbox 487 2667 563 2722; x_wconf 87' lang='lat' dir='ltr'><strong>miles</strong></span> <span class='ocrx_word' id='word_1_196' title='bbox 573 2667 605 2723; x_wconf 89' lang='lat' dir='ltr'><strong>ad</strong></span> <span class='ocrx_word' id='word_1_197' title='bbox 637 2668 681 2724; x_wconf 88' lang='lat' dir='ltr'><strong>elli</strong></span> <span class='ocrx_word' id='word_1_198' title='bbox 692 2670 783 2723; x_wconf 93' lang='lat' dir='ltr'><strong>munia</strong></span> <span class='ocrx_word' id='word_1_199' title='bbox 793 2665 884 2726; x_wconf 76' lang='lat' dir='ltr'><strong>cietur.</strong></span> <span class='ocrx_word' id='word_1_200' title='bbox 921 2669 1003 2743; x_wconf 78' lang='lat' dir='ltr'><strong>igitur</strong></span> <span class='ocrx_word' id='word_1_201' title='bbox 1012 2679 1116 2742; x_wconf 84' lang='lat' dir='ltr'><strong>torpere</strong></span> 
     </span>
     <span class='ocr_line' id='line_1_32' title="bbox 333 2742 1114 2814; baseline 0.003 -18"><span class='ocrx_word' id='word_1_202' title='bbox 333 2744 429 2806; x_wconf 89' lang='lat' dir='ltr'><strong>cuncti,</strong></span> <span class='ocrx_word' id='word_1_203' title='bbox 445 2744 660 2813; x_wconf 87' lang='lat' dir='ltr'><strong>circumspectare</strong></span> <span class='ocrx_word' id='word_1_204' title='bbox 673 2743 741 2797; x_wconf 86' lang='lat' dir='ltr'><strong>inter</strong></span> <span class='ocrx_word' id='word_1_205' title='bbox 752 2759 781 2796; x_wconf 92' lang='lat' dir='ltr'><strong>se</strong></span> <span class='ocrx_word' id='word_1_206' title='bbox 794 2743 915 2799; x_wconf 84' lang='lat' dir='ltr'><strong>adtoniti:</strong></span> <span class='ocrx_word' id='word_1_207' title='bbox 935 2751 961 2797; x_wconf 85' lang='lat' dir='ltr'><strong>et</strong></span> <span class='ocrx_word' id='word_1_208' title='bbox 974 2742 1001 2798; x_wconf 91' lang='lat' dir='ltr'><strong>id</strong></span> <span class='ocrx_word' id='word_1_209' title='bbox 1009 2745 1114 2814; x_wconf 82' lang='lat' dir='ltr'><strong>ipsum,</strong></span> 
     </span>
     <span class='ocr_line' id='line_1_33' title="bbox 334 2815 1118 2890; baseline 0.003 -22"><span class='ocrx_word' id='word_1_210' title='bbox 334 2815 405 2886; x_wconf 87' lang='lat' dir='ltr'><strong>quod</strong></span> <span class='ocrx_word' id='word_1_211' title='bbox 419 2832 495 2870; x_wconf 88' lang='lat' dir='ltr'><strong>nemo</strong></span> <span class='ocrx_word' id='word_1_212' title='bbox 508 2823 614 2888; x_wconf 81' lang='lat' dir='ltr'><strong>regeret,</strong></span> <span class='ocrx_word' id='word_1_213' title='bbox 629 2824 768 2888; x_wconf 87' lang='lat' dir='ltr'><strong>paventes:</strong></span> <span class='ocrx_word' id='word_1_214' title='bbox 788 2816 900 2882; x_wconf 82' lang='lat' dir='ltr'><strong>silentio,</strong></span> <span class='ocrx_word' id='word_1_215' title='bbox 910 2818 1049 2888; x_wconf 81' lang='lat' dir='ltr'><strong>patientia,</strong></span> <span class='ocrx_word' id='word_1_216' title='bbox 1066 2833 1118 2890; x_wconf 91' lang='lat' dir='ltr'><strong>po·</strong></span> 
     </span>
    </p>
   </div>
   <div class='ocr_carea' id='block_1_3' title="bbox 333 2888 1117 2964">
    <p class='ocr_par' dir='ltr' id='par_1_9' title="bbox 333 2888 1117 2964">
     <span class='ocr_line' id='line_1_34' title="bbox 333 2888 1117 2964; baseline 0.004 -22"><span class='ocrx_word' id='word_1_217' title='bbox 333 2897 429 2942; x_wconf 74' lang='lat' dir='ltr'><strong>anemo</strong></span> <span class='ocrx_word' id='word_1_218' title='bbox 442 2889 564 2958; x_wconf 82' lang='lat' dir='ltr'><strong>precibus</strong></span> <span class='ocrx_word' id='word_1_219' title='bbox 578 2905 607 2943; x_wconf 87' lang='lat' dir='ltr'><strong>ac</strong></span> <span class='ocrx_word' id='word_1_220' title='bbox 619 2888 744 2964; x_wconf 82' lang='lat' dir='ltr'><strong>lacrymis</strong></span> <span class='ocrx_word' id='word_1_221' title='bbox 757 2893 860 2946; x_wconf 76' lang='lat' dir='ltr'><strong>veniam</strong></span> <span class='ocrx_word' id='word_1_222' title='bbox 873 2889 1041 2963; x_wconf 88' lang='lat' dir='ltr'><strong>quaerebant.</strong></span> <span class='ocrx_word' id='word_1_223' title='bbox 1083 2889 1117 2945; x_wconf 87' lang='lat' dir='ltr'><strong>Ut</strong></span> 
     </span>
    </p>
   </div>
   <div class='ocr_carea' id='block_1_4' title="bbox 0 0 1284 3692">
    <p class='ocr_par' dir='ltr' id='par_1_10' title="bbox 0 0 1284 3692">
     <span class='ocr_line' id='line_1_35' title="bbox 0 0 1284 3692; baseline 0 0"><span class='ocrx_word' id='word_1_224' title='bbox 0 0 1284 3692; x_wconf 95' lang='lat' dir='ltr'><strong> </strong></span> 
     </span>
    </p>
   </div>
  </div>
 </body>
</html>
