2559 3692
206 444 232 479 r.
247 442 272 479 c.
286 430 333 497 n.)
409 430 489 477 ms.
508 430 560 477 nn
580 431 671 478 cnr.
690 432 733 477 ss.
754 432 797 479 ss.
955 424 1006 482 ata

206 533 291 603 tueri3
312 539 445 604 postremo
460 530 493 586 ad
504 530 657 597 Gemonias,
671 531 719 585 ubi
729 548 826 603 eorpus
835 532 921 589 Flavii
931 533 1008 591 Sebi-

205 610 235 663 ni
246 610 373 673 iacuerat,
385 604 535 693 propulere.
573 606 632 662 Vox
646 623 700 660 una
711 624 764 662 non
773 606 912 683 degeneris
923 610 1007 665 enimi

205 688 401 755 exceptarum
410 680 517 735 tribuno
527 678 676 746 insultanti,
691 698 719 735 ss
733 686 1008 750 toertenimpsratorem

204 764 263 814 etas
278 760 367 827 [uisse
385 755 529 827 respondit.
568 754 607 811 Ae
620 754 716 810 deinde
728 755 841 830 ingestis
852 755 1008 814 vulneribus

205 830 332 888 eoncidit.
372 830 406 885 Et
419 828 518 905 vulgus
532 829 624 885 eadem
637 830 767 901 pravitate
779 830 1009 888 insectabaturin-

205 903 685 979 terleetum,qusloveratviventsm.
949 904 953 910 '

264 984 308 1037 86.
329 981 415 1036 Patria
427 979 471 1035 illi
482 978 602 1035 Luceria.
642 978 792 1053 Septimum
804 987 830 1035 et
839 981 1009 1057 quinquage-

208 1058 313 1113 simum
328 1056 419 1113 aetatis
434 1068 536 1111 annum
550 1053 681 1129 explebat.
721 1054 911 1123 Consulatum,
922 1074 1010 1113 saeer-

205 1132 291 1197 dotia,
306 1148 404 1187 nomen
418 1128 562 1203 locumque
578 1130 648 1187 inter
661 1131 801 1203 primores,
816 1130 890 1187 nulla
904 1148 956 1191 sua
966 1133 1010 1189 in·

206 1204 323 1272 dustria,
338 1202 387 1263 sed
401 1213 496 1261 cuncta
508 1205 591 1277 patris
604 1204 761 1263 claritudine
770 1205 893 1278 adeptus.
932 1206 1010 1266 Prin-

207 1278 331 1354 cipetum
340 1281 365 1337 ei
374 1278 502 1346 detulere,
518 1280 566 1353 quii
579 1281 670 1352 ipsum
680 1290 878 1340 sonnovennt
915 1281 1008 1341 Studia

207 1356 344 1413 exereitus
352 1373 413 1413 rare
421 1356 560 1428 cuiquam,
574 1354 653 1411 bonis
662 1355 766 1411 aribus
774 1355 903 1428 maeste,
917 1359 1009 1429 patin·

207 1431 247 1487 de
260 1430 375 1497 adfuere,
396 1447 479 1503 quam
494 1428 560 1485 huie
571 1446 619 1503 per
632 1430 779 1504 ignaviam.
816 1431 904 1487 Inerat
918 1441 1008 1488 tamen

209 1504 410 1579 simplieitasau
420 1504 576 1561 liberalitem
597 1520 677 1579 quae
687 1506 716 1561 ni
725 1505 794 1560 adsit
802 1506 909 1572 modus,
922 1509 952 1563 in
961 1522 1008 1563 ex·

207 1582 292 1637 itium
301 1588 449 1636 vertuntur.
486 1578 634 1646 Amicitias,
645 1578 711 1635 dum
721 1578 904 1655 magnitudine
912 1578 1010 1638 mnne-

209 1673 285 1721 rum,
301 1672 354 1711 non
369 1655 514 1710 constantia
528 1670 645 1719 morum,
666 1656 793 1709 eontineri
807 1662 892 1727 putat,
911 1658 1010 1715 meruit

209 1730 310 1805 magis,
325 1746 407 1805 quam
422 1728 525 1784 hebuit.
564 1727 735 1816 Reipublicae
747 1728 821 1785 hand
833 1730 915 1787 dubie
929 1732 1010 1788 inter-

209 1814 277 1873 erat,
288 1802 426 1863 Vitellium
440 1804 526 1859 vinei:
547 1803 595 1861 sed
607 1810 729 1874 inputare
737 1803 876 1875 perfidiam
885 1822 938 1863 nun
947 1822 1009 1877 pes·

209 1888 285 1947 sunt,
296 1880 344 1953 qui
354 1878 493 1937 Vitellium
502 1878 666 1950 Vespasiano
673 1876 821 1949 prodidere,
832 1895 896 1935 cum
905 1878 1009 1936 aGalba

209 1956 398 2015 descivissent.
437 1954 574 2025 Praecipiti
590 1954 620 2011 in
632 1969 757 2011 oeeesum
770 1952 824 2017 die,
838 1952 1008 2025 mpevorem

209 2030 417 2103 magistratuum
432 2036 647 2100 senatorumque,
661 2024 711 2103 qui
724 2025 822 2099 dilapsi
834 2043 868 2082 ex
877 2027 953 2094 urbs,
964 2038 1011 2085 aut

209 2123 259 2179 per
270 2105 364 2161 demes
375 2104 512 2160 clientium
522 2110 607 2159 semet
614 2101 789 2166 eeoultsbant,
801 2104 889 2157 meari
901 2112 1009 2159 senatus

209 2198 266 2237 nnn
279 2180 374 2252 putuit
402 2178 603 2243 'Domitianum
617 2185 759 2250 postquam
769 2176 837 2231 nihil
847 2176 943 2233 hostile
952 2196 1010 2234 me·

209 2256 345 2321 tuebatur,
367 2253 401 2308 ad
419 2252 500 2308 duces
519 2252 635 2324 partium
648 2268 819 2329 progressum
834 2259 860 2307 et
874 2252 1010 2329 &marem

210 2328 418 2405 consalutatum,
434 2327 511 2383 miles
526 2326 662 2401 frequens,
677 2334 762 2402 utque
775 2326 866 2383 eratm
876 2330 969 2390 armis
980 2330 1009 2387 iu

210 2414 334 2478 paternos
345 2405 453 2459 Penates
463 2400 581 2459 deduxit.
