2559 3692
173 429 317 508 (nnuc.)
352 438 564 509 annrcous.
585 441 664 489 cnr.
682 440 809 488 er—rr.
928 435 980 490 2⁹9

173 558 252 597 esse:
273 538 490 611 obsequiumque
503 556 534 595 ac
546 538 715 606 modestinus,
725 540 892 597 siindustrie
900 544 982 597 ecri-

172 634 226 690 gor
240 614 339 679 adsint,
355 630 387 687 ep
399 612 488 669 laudis
501 614 637 680 excedere,
648 632 703 686 quc
711 613 834 687 plerique
843 633 891 687 per
900 616 982 697 ebru-

173 700 232 762 pta‚
249 688 341 751 sedin
356 687 463 743 nullum
473 688 635 761 reipublicae
643 706 736 756 usum,
748 690 889 746 ambitiose
898 698 983 745 morte

173 764 372 821 inclaruerunt.
449 768 456 774 “
500 811 504 816 .
943 769 946 772 “

235 840 278 894 te.
299 838 376 893 Finis
387 838 455 893 vites
464 837 523 893 eius
533 838 610 909 nobis
621 836 770 905 luctuosus,
780 840 875 895 amicis
886 840 981 905 tristis,

175 914 313 969 extraneis
322 912 421 982 etiami
459 913 840 984 otisquencusinecuraiuit.
876 913 983 987 Vulgus

175 1003 301 1061 quoque,
321 994 347 1058 et
356 986 407 1041 bic
418 1004 433 1041 a
444 986 492 1042 iud
503 1004 585 1060 egens
595 987 726 1059 populus,·
743 997 769 1044 et
778 988 941 1048 ventitavere
949 986 984 1043 ud

175 1064 302 1127 domum,
322 1068 350 1115 et
361 1077 409 1133 per
423 1058 478 1117 iera
491 1070 517 1115 et
529 1062 643 1119 circulos
655 1062 737 1119 locuti
749 1071 827 1119 sunt:
848 1080 899 1117 nec
906 1062 984 1134 quis-

176 1154 275 1211 quam,
287 1135 376 1193 audita
384 1142 468 1191 morte
479 1132 685 1209 Agricolae‚eut
694 1137 805 1193 leetetus
814 1144 865 1203 est,
873 1145 920 1192 eut
929 1145 983 1191 ste-

178 1214 231 1279 tim
240 1210 351 1267 oblitus.
389 1209 513 1282 Augebat
525 1212 725 1267 miserationem
740 1219 865 1268 commus
878 1228 982 1275 rumor,

176 1302 286 1343 veneno
299 1285 504 1356 interceptum..
522 1285 607 1341 Nobis
620 1285 690 1341 nibil
702 1286 831 1358 comperti
838 1285 984 1341 ndiirmme

125 1400 126 1423 q
176 1362 288 1417 ausim:
309 1366 423 1421 ceterum
432 1376 481 1431 per
492 1376 600 1415 omnem
611 1358 792 1422 valetudinem
799 1362 869 1427 eius,
883 1360 985 1415 crebri·-

125 1480 126 1499 ἢ
177 1454 217 1491 us
227 1450 311 1507 quam
326 1450 359 1489 ex
371 1450 445 1489 more
453 1435 630 1506 principatus,
645 1451 694 1506 per
707 1436 815 1490 nunties
825 1435 937 1490 visentis
958 1442 985 1489 et

178 1510 339 1566 libertorum
358 1509 449 1579 primi,
471 1517 496 1563 et
515 1509 681 1565 medicorum
694 1509 784 1564 intimi
795 1526 905 1569 venerer
918 1510 994 1564 sive*

125 1616 126 1621 κ
178 1601 247 1641 cura
257 1582 336 1649 illud,
349 1584 407 1638 sive
416 1583 557 1655 inquisitio
566 1592 630 1641 erat.
670 1582 801 1655 Supremo
809 1583 920 1655 quidem
929 1583 982 1647 die,

178 1666 318 1717 momente
335 1656 481 1715 deficientis
500 1676 548 1731 per
565 1658 712 1731 dispositos
728 1675 852 1715 cursores
864 1658 984 1731 nuntiate

178 1734 328 1799 constabat,
337 1730 412 1789 nullo
422 1732 599 1800 credente‚sic
608 1732 834 1805 accelerari‚quee
842 1732 927 1787 tristis
936 1748 986 1786 eu·

179 1809 260 1879 diret.
300 1806 422 1879 Speciem
434 1816 523 1865 temen
532 1807 631 1864 doloris
641 1808 731 1863 enimc
740 1806 874 1879 vultuque
883 1820 986 1878 praese

181 1883 256 1949 tulit,
263 1899 374 1948 securus
384 1884 437 1939 iam
446 1882 511 1950 cdii,
518 1892 544 1939 et
553 1882 601 1955 qui
612 1881 717 1937 facilius
727 1878 911 1939 dissimularet
918 1893 987 1953 geu-

180 1959 272 2023 dium,
282 1974 365 2029 quam
376 1964 489 2014 meam.
527 1957 597 2031 Satis
606 1958 754 2023 constabat„
767 1956 833 2012 lecto
843 1950 987 2011 resumen-

180 2031 366 2105 tcAgricolae,
374 2050 429 2105 quc
438 2032 594 2097 coheredem
603 2032 803 2105 eptimaeuxcri
812 2040 839 2087 et
848 2030 988 2103 piissimae

148 2140 151 2145 ·
181 2106 257 2163 tiliae
267 2107 447 2165 Domitianum
456 2108 573 2181 scripsit,
584 2108 710 2163 laetatum
719 2125 793 2172 eum,
804 2105 878 2163 velut
886 2105 987 2161 honore

180 2182 349 2253 iudicioque.
387 2182 454 2237 'lam
478 2199 554 2239 caece
577 2190 603 2238 et
621 2190 750 2254 conrupta
769 2180 987 2247 mens-adsiduis

182 2255 386 2313 adulationibus
398 2264 462 2324 erat,
478 2265 509 2314 ut
518 2258 640 2323 nesciret,
652 2274 667 2311 a
677 2256 748 2313 bono
755 2265 831 2329 petre
839 2273 894 2313 non
903 2254 986 2311 scribi

181 2331 320 2396 heredem,
334 2331 388 2385 nisi
398 2330 500 2389 malum
510 2334 671 2404 principem.

241 2408 283 2461 tl.
304 2407 389 2460 Natus
403 2415 458 2464 eret
471 2406 593 2481 Agricola
607 2406 670 2463 Ceio
683 2406 794 2463 Caesare
806 2406 915 2461 tertium
923 2421 988 2461 con·

183 2478 253 2547 sule,
264 2480 333 2535 Idib.
341 2480 440 2536 Iuniis:
462 2484 577 2537 excessit
584 2479 929 2555 sextoetquinquegesimo
938 2496 988 2533 en·

183 2573 234 2621 no,
260 2554 365 2611 decimo
387 2553 447 2611 Kal.
471 2556 614 2629 Septemb(
628 2554 734 2629 Collega
753 2556 897 2627 l’riscoque
916 2570 986 2609 coss.

183 2628 288 2696 Quodsi
307 2629 430 2687 habitum
448 2648 556 2704 quoque
575 2632 634 2687 eius
651 2630 751 2703 posteri
765 2646 874 2687 noscere
888 2627 986 2694 velint3

183 2704 320 2761 decentior
329 2721 412 2776 quam
422 2706 563 2762 sublimior
572 2706 632 2761 luit.
671 2705 746 2761 Nihil
755 2699 986 2777 motusipvultur

183 2778 270 2853 gratia
289 2780 346 2835 cris
363 2789 509 2851 supererat.
547 2780 652 2835 Bonum
665 2781 757 2837 virum
770 2777 848 2835 iecile
855 2777 985 2839 crederes,

184 2870 317 2927 magnum
327 2852 448 2912 libenter.
487 2855 521 2909 Et
529 2855 588 2926 ipse
596 2854 890 2926 quidem,quamquem
899 2849 989 2905 medic

184 2932 214 2987 in
224 2930 312 3003 spatio
320 2930 439 3001 integrae
448 2930 541 2987 aetatis
550 2936 667 3003 ereptus,
678 2924 986 3005 ᾳιιειιωωᾱεὶοῐίω,
