2559 3692
192 481 315 561 aare.)
399 497 478 542 nin.
501 497 521 543 1.
542 499 632 544 car.
654 499 776 542 tta-sa.
960 495 993 547 37

189 607 286 672 potens
301 599 372 652 inter
379 597 499 662 batavos,
514 614 548 652 ne
557 597 691 670 supplicio
701 600 760 654 eius
771 597 845 653 lerox
853 615 919 674 gens
929 600 994 655 alie·

190 681 311 729 naretur.
351 672 385 727 Et
404 681 477 727 erant
489 673 518 726 in
532 673 638 728 civitate
650 673 804 748 Lingonum
817 682 875 729 oeto
884 674 994 732 Batavo-

188 767 251 803 rum
272 747 404 813 eohortes,
424 747 659 819 quartaedecimae¹
671 746 784 821 legionis
804 747 914 813 auxilia,
935 757 993 805 tum

187 822 325 878 discordia
344 829 494 894 temporum
512 839 527 876 a
543 821 647 896 legione
659 823 804 897 digressae,
824 831 904 896 prout
916 823 995 878 inoli-

188 906 309 959 nassent‚
325 895 426 970 grande
438 905 602 951 momentum
614 897 700 952 sociae
709 904 755 952 aut
764 897 900 952 adversae.
940 899 994 953 No-

190 975 278 1038 nium,
290 973 444 1036 Donatium,
459 971 616 1038 llomilium,
627 971 804 1044 Calpurnium
813 972 992 1038 eenturiones,

188 1048 221 1104 de
236 1047 343 1122 quibus
356 1063 437 1117 supra
451 1045 603 1112 retulimus,
617 1047 702 1102 eooldi
712 1048 801 1112 iussit,
813 1047 951 1103 damnatos
961 1048 994 1102 fi-

187 1123 231 1178 dei
242 1121 368 1186 crimine,
380 1121 539 1198 gravissimo
549 1122 617 1177 inter
626 1122 812 1177 desciscentes.
851 1121 993 1179 Aooessere

186 1197 313 1270 partibus
329 1195 450 1251 Valerius
463 1195 606 1262 Asiaticus,
622 1197 743 1270 Belgicae
756 1197 908 1268 provinciae
920 1197 990 1272 lega-

186 1283 242 1338 tus,
260 1289 345 1345 quem
360 1288 422 1326 mox
432 1268 556 1328 Vitellius
568 1288 698 1344 generum
712 1272 838 1327 adscivit:
859 1282 885 1328 et
897 1273 992 1328 lunius

186 1347 312 1412 Blaesus,
328 1345 518 1420 Lugdunensis
529 1345 630 1401 Galliae
643 1355 737 1412 rector,
753 1363 816 1402 oum
826 1347 915 1402 ltalioa
925 1347 991 1422 legi·

186 1433 238 1478 o'ne
259 1421 345 1477 atala
365 1421 496 1486 Taurino,
521 1421 648 1496 Lugduni
670 1421 848 1477 tendentibus.
888 1423 943 1477 Neo
961 1424 990 1477 in

186 1497 325 1553 Rhaeticis
334 1497 418 1568 oopiis
429 1512 511 1561 mora,
518 1497 665 1568 quominus
675 1498 764 1554 statim
773 1497 989 1570 adiungerentur.

243 1576 288 1627 60.
310 1573 351 1625 Ne
364 1573 393 1625 in
407 1571 542 1625 Britannia
552 1571 663 1644 quidem
671 1572 832 1626 dubitatum.
872 1573 992 1626 Praeerat

186 1646 340 1704 Trebellius
355 1646 501 1710 Maximus,
515 1663 563 1716 per
577 1647 715 1701 avaritiam
729 1664 759 1701 ao
772 1646 862 1702 sordes
873 1655 991 1702 mntem-

185 1733 250 1796 ptus
272 1721 401 1777 exercitui
420 1721 591 1792 invisusque.
630 1721 795 1776 Aooendebat
816 1721 910 1780 odium
932 1722 991 1776 eius

186 1797 303 1854 Roscius
318 1796 435 1861 Caelius,
453 1794 554 1869 legatus
569 1794 711 1848 vicesimae
725 1794 847 1868 legionis,
860 1795 925 1850 olim
935 1797 992 1851 dis-

186 1891 258 1938 oors,
279 1872 328 1928 sed
338 1861 474 1927 oooasio'na
487 1869 610 1926 civilium
625 1886 760 1927 armorum
770 1871 885 1924 atrocius
896 1887 991 1941 proru-

186 1955 273 2022 perat.
307 1941 455 2001 Trebellius
466 1945 623 2001 seditionem
633 1952 660 2000 et
668 1943 810 1999 oonlusum
820 1944 992 2000 ordinemdi—

187 2022 321 2095 sciplinae
339 2020 440 2090 Caelio,
461 2020 587 2093 spoliatas
606 2027 631 2074 et
646 2021 739 2091 inopes
754 2019 871 2092 legiones
885 2016 991 2076 Caelius

187 2096 322 2154 Trebellio
341 2090 498 2151 obiectabat:
529 2113 591 2152 curn
611 2096 718 2151 interim
738 2093 822 2150 foedis
843 2093 989 2168 legatomm

187 2171 383 2229 oertaminibus
398 2170 525 2226 modestia
540 2171 672 2225 exercitus
686 2178 824 2242 oomupta‚
838 2185 924 2242 eoque
935 2170 991 2225 dis-

186 2249 295 2305 oordiae
309 2245 429 2313 ventum,
448 2253 478 2302 ut
491 2245 663 2301 auxiliarium
676 2261 786 2318 quoque
799 2244 917 2300 militum
927 2261 991 2300 oon-

185 2325 268 2380 vioiis
277 2321 459 2394 pronubatus,
476 2329 510 2386 et,
522 2319 587 2394 adg'r
621 2319 728 2375 antibus
740 2337 771 2374 sa
780 2319 868 2375 Caelio
877 2319 991 2375 eohorti·

185 2399 239 2454 bus
255 2397 373 2470 alisque,
389 2395 508 2451 desertus
519 2396 603 2450 Treba
614 2395 668 2450 lius
678 2395 711 2450 ad
720 2395 857 2450 Vitellium
866 2394 991 2468 peringe-

186 2475 230 2530 rit.
273 2471 357 2540 Quies
370 2471 535 2543 provinciae,
551 2487 718 2543 quamquam
732 2468 988 2533 remoto-oonsulari‚

187 2549 299 2605 mansit.
339 2547 439 2601 Resera
454 2545 532 2620 legati
545 2545 696 2620 legionum;
717 2545 872 2617 parasium,
884 2543 990 2599 Caelius

186 2623 313 2679 audendo
321 2622 461 2694 potentior.
800 2627 807 2642 ⁸

242 2701 287 2754 dl.
308 2697 440 2752 Adiuncto
453 2695 603 2752 liritannioo
622 2697 750 2760 exercitu,
771 2695 867 2768 ingens
885 2694 991 2748 viribus

187 2773 343 2844 opibusque
355 2770 488 2836 Vitellius,
504 2770 571 2825 duos
586 2770 679 2833 daroes,
695 2769 749 2824 duo
758 2770 852 2824 itinera
862 2769 931 2824 bello
944 2768 991 2822 de-

188 2848 309 2903 stinavit.
349 2845 449 2900 Fabius
462 2844 559 2901 Valens
579 2843 703 2909 adlicere,
725 2843 777 2908 vel,
793 2847 818 2899 si
833 2845 988 2906 abnuerent,

188 2927 295 2978 vastare
309 2919 419 2985 Gallias,
436 2926 461 2974 et
475 2920 601 2976 Cottianis
612 2919 728 2990 Alpibus
741 2917 842 2973 ltaliam
852 2920 991 2983 inrumpe-

190 3013 232 3065 re;
254 2995 367 3052 Caecina
385 2997 507 3068 propiore
526 2995 650 3059 transitu,
670 2993 781 3046 Peninis
798 2991 872 3063 iugis
883 2985 989 3057 degredi
