2559 3692
198 484 223 520 a.
236 464 321 538 ato.)
400 474 480 534 nab.
500 472 550 521 ιιι
572 474 662 520 car.
684 474 724 526 ot.
746 474 789 521 aa.
948 469 998 523 tlt

196 573 230 627 ad
243 572 418 629 delectionem
432 576 521 639 traxit,
535 570 604 631 lictis
616 574 776 645 Vespasiani
788 574 908 645 epistolis
918 577 1000 648 prati-

197 666 244 703 um
263 648 424 719 proditionis
446 656 589 705 ostentans.
627 649 752 723 Praeemt
771 649 852 703 classi
870 648 999 705 Claudius

192 721 369 795 Apollinaris,
390 742 478 797 nequa
495 724 557 779 iidei
577 732 710 790 maistans,
731 732 956 796 nequestrenuua
970 727 999 780 in

191 798 322 871 perfidia:
344 807 369 854 et
378 797 493 873 Apinius
502 800 574 865 Tiro,
585 807 708 871 praetura
719 798 829 855 functus
837 815 868 854 ac
876 806 936 854 tum
947 798 1000 855 lor-

191 880 218 927 te
228 874 376 930 Minturnis
386 890 477 949 agens,
491 874 587 930 ducem
602 892 632 929 se
642 873 820 935 delectoribus
830 874 936 930 obtulit.
976 875 999 929 Α

191 948 298 1021 quibus
307 948 454 1021 municipia
464 949 635 1023 coloniaeque
644 949 777 1022 inpulsae,
790 951 936 1023 praecipuo
945 950 998 1006 Pu·

179 1024 360 1079 'teclanorum
370 1024 399 1079 in
408 1025 605 1097 Vespasianum
614 1024 713 1091 studio,
723 1024 998 1097 contraCapuaVitel-

190 1098 228 1155 lio
248 1096 317 1165 fida,
340 1100 532 1173 municipalem
551 1098 755 1155 aemulationem
772 1099 852 1155 bellis
869 1099 997 1156 civilibus

191 1174 352 1231 miscebant.
391 1173 516 1231 Vitellius
534 1173 678 1231 Claudium
698 1173 833 1238 lulianum
853 1170 891 1249 (is
911 1191 998 1247 nuper

188 1248 494 1317 classemlilisenensear
502 1246 577 1306 molli
587 1249 997 1322 imperiorexsratlpermulcea-

189 1325 235 1381 dis
249 1324 369 1381 militum
383 1326 482 1381 animis
493 1324 599 1399 delegit.
638 1325 703 1379 Data
712 1325 741 1380 in
750 1325 884 1380 auxilium
893 1326 996 1381 urbana

191 1400 288 1457 cohors
307 1407 333 1455 et
351 1396 519 1475 gladiatores,
540 1400 643 1473 quibus
662 1398 783 1455 lulianus
795 1409 923 1471 praeerat.
963 1401 997 1456 Ut

192 1474 296 1531 conlata
309 1477 447 1548 utrimque
457 1483 551 1549 castra,
565 1476 638 1531 baud
648 1492 746 1549 magna
755 1476 920 1531 cunctatione
930 1475 996 1531 luli-

192 1568 245 1607 ano
254 1550 283 1605 in
292 1550 547 1623 partesVespasiani
555 1546 730 1625 bansgresso,
738 1550 908 1605 Tarracinam
917 1568 997 1607 oocu-

190 1642 301 1698 pavsre,
312 1625 459 1681 moenibus·
468 1627 578 1699 situque
586 1627 684 1699 magis,
695 1643 779 1698 quam
789 1626 910 1698 ipsorum
919 1626 997 1701 inge·

191 1702 237 1757 nio
246 1706 342 1757 tutam.
382 1710 384 1717 ’
1086 1741 1089 1745 Α

246 1778 300 1855 58..
313 1774 445 1843 Quaeubi
454 1774 561 1832 Vitellio
570 1775 684 1849 cognita,
700 1781 774 1846 parte
782 1776 920 1847 copiarum
928 1775 997 1829 Nar-

191 1850 254 1907 niae
268 1868 332 1917 cum
346 1851 485 1925 praelectis
499 1851 624 1925 praetorii
637 1849 738 1916 relicta,
754 1850 786 1905 L.
795 1849 935 1907 Vitellium
944 1849 998 1904 ira·

124 1976 127 1983 .
190 1935 271 1994 trem,
288 1942 351 1982 cum
366 1942 414 1983 sex
428 1926 582 1983 cohortibus
592 1933 618 1980 et
627 1923 784 2000 quingentis
794 1924 941 1998 equitibus,
955 1926 998 1979 in-

191 2002 300 2077 gruenti
310 2018 358 2075 per
368 2000 543 2075 Campaniam
553 2000 625 2057 bello
631 2002 771 2073 opposuit:
782 2002 843 2073 ipse
852 2014 930 2075 aeger
939 2001 998 2055 ani·

190 2080 241 2141 mi,
262 2077 361 2133 studiis
382 2077 500 2133 militum
520 2086 546 2133 et
559 2076 722 2133 clamoribus
736 2075 841 2148 populi,
862 2092 936 2131 mma
948 2092 998 2147 po-

191 2153 302 2220 scentis,
324 2151 506 2209 refovebatur:
527 2152 593 2208 dum
607 2152 707 2225 vulgus
722 2153 863 2226 ignarum,
884 2158 910 2206 et
928 2150 996 2206 nibil

190 2228 262 2285 ultra
272 2228 354 2285 verba
363 2234 505 2294 ausurum,
522 2226 587 2282 falsa
597 2228 686 2299 specie
697 2233 842 2282 serratum
852 2234 877 2281 et
887 2229 997 2296 lcpioaaa

192 2302 317 2377 adpellat.
357 2303 530 2361 Hortantibus
553 2302 655 2358 libertis
678 2302 751 2377 (nana
770 2303 918 2358 amicorum
936 2302 996 2356 eius

192 2387 294 2451 quanto
306 2380 371 2451 quis
385 2379 489 2446 clarior,
509 2378 601 2433 minus
615 2376 696 2451 iidns)
715 2379 804 2433 vocari
814 2376 901 2433 tribus
910 2376 994 2431 iubet.

192 2454 290 2509 Dentes
305 2453 413 2511 nomina
427 2462 590 2510 sacramento
600 2454 692 2527 adigit.
731 2451 916 2525 Superiluento
924 2450 997 2506 mul·

192 2528 318 2595 titudine,
333 2547 426 2585 curam
436 2529 553 2586 delectus
566 2531 594 2585 in
605 2528 729 2585 consules
739 2530 861 2601 partitur.
901 2526 997 2582 Servo-

191 2622 254 2661 rum
275 2620 421 2660 numerum
441 2613 467 2661 et
478 2606 583 2679 pondus
593 2606 694 2679 argenti
710 2603 876 2660 senatoribus
891 2601 995 2672 indicit.

190 2678 305 2753 Equites
319 2681 431 2737 Romani
445 2680 564 2737 obtulere
580 2698 689 2753 operam
703 2681 896 2753 pecuniasque,
916 2674 996 2732 etia'm

191 2754 327 2811 libertinis
336 2755 408 2810 idem
418 2774 519 2812 munus
528 2754 794 2830 ultroila'gitantibus.
814 2752 997 2809 Eusimulatio

190 2830 285 2896 cilicii,
297 2848 313 2885 a
323 2838 395 2885 metu
405 2830 530 2903 prolecta,
542 2838 655 2887 verterat
663 2832 692 2886 in
702 2826 830 2885 favorem'.
869 2828 904 2881 Et
915 2825 997 2899 plori-

190 2922 246 2979 que
266 2900 342 2960 haud
355 2905 466 2977 perinde
479 2904 627 2971 Vitellium,
649 2922 732 2977 quam
746 2920 838 2958 casum
853 2900 998 2968 locumque

189 2981 372 3056 principatus,
393 2979 598 3035 miserabantur.
617 2980 693 3034 -Nec
710 2978 799 3033 deerat
814 2977 886 3045 ipsc:
908 2970 996 3034 vultu,
