2559 3692
320 438 371 495 ato
451 444 676 493 occasune.
696 444 986 493 nnonnucaucc.

321 522 550 619 Germa'niagunt.
586 543 681 600 Sordes
691 545 813 599 omnium
822 560 855 599 ac
864 552 954 617 torpor
962 564 1119 617 procerum:
1147 546 1148 575 ³

320 621 462 677 connubiis
481 620 583 685 mixtis,
606 617 727 675 nonnihil
745 619 776 673 in
795 618 977 677 Sarmatarum
997 620 1121 679 habitum

320 696 466 753 foedantur.
478 694 579 752 Venedi
586 693 703 749 multum
712 710 745 747 ex
753 694 875 749 moribus
883 702 1032 753 traxerunt.
1055 699 1120 755 Nam

320 770 452 845 quiequid
465 771 535 825 inter
547 769 676 825 Peucinos
689 768 848 840 Fennosque
861 768 993 827 silvarum
1004 789 1038 827 ac
1047 791 1121 829 mon-

320 849 388 902 tium
399 846 519 920 erigitur,
526 843 670 899 latrociniis
679 850 823 915 pererrant.
838 844 871 898 lli
881 852 970 901 tamen
979 848 1120 904 interGer-
1147 900 1148 907 ,

319 938 414 977 manos
422 922 512 993 potiua
522 917 752 990 referunturquia
763 925 789 972 et
798 918 890 975 domos
899 918 1018 994 fingunt,
1025 930 1055 978 et
1064 940 1119 979 scu-

319 1006 346 1051 ta
354 1003 467 1071 gestam,
483 1002 509 1049 et
520 993 620 1065 pedum
629 1010 684 1048 usu
693 1009 724 1048 ac
736 994 889 1064 pernicitate
897 996 1032 1067 gaudent3
1055 1016 1118 1071 quae

319 1072 410 1127 omnia
422 1070 528 1124 diversa
541 1066 669 1122 Sarmatis
683 1075 756 1132 sunt,
775 1069 805 1122 in
815 1067 933 1139 plaustro
943 1086 1074 1144 equoque
1083 1074 1118 1129 vi·

319 1145 454 1201 ventibus.
493 1142 593 1197 Fennis
607 1143 676 1198 mira
690 1141 788 1207 feritas,
803 1142 878 1198 foeda
887 1154 1050 1216 paupertas:
1071 1166 1116 1205 non

319 1237 402 1284 arma,
424 1235 476 1273 non
489 1217 563 1290 equi,
584 1235 637 1273 non
650 1217 773 1273 Penates:
794 1219 877 1273 victui
895 1218 989 1287 herba,
1012 1224 1116 1279 vestitui

318 1293 411 1367 pelles,
427 1291 516 1347 cubile
527 1292 638 1348 humus.
678 1291 739 1348 Sola
749 1294 776 1347 in
787 1293 889 1366 sagittis
900 1310 973 1365 spes,
987 1312 1070 1368 quas,
1081 1299 1117 1353 in-

318 1369 379 1440 opia
393 1366 465 1433 ferri,
485 1367 593 1423 ossibus
606 1375 738 1439 asperent.
778 1367 905 1440 Idemque
916 1378 1035 1427 venatus
1051 1374 1115 1429 viror

318 1444 417 1515 pariter
426 1459 457 1498 ac
466 1441 579 1497 feminas
589 1442 644 1497 alit.
675 1443 778 1497 Passim
791 1445 864 1499 enim
874 1447 1050 1513 comitantur,
1062 1466 1116 1520 par-

318 1527 426 1591 temque
433 1516 547 1589 praedae
555 1526 658 1589 petunt.
697 1518 752 1573 Nec
761 1517 834 1572 aliud
842 1516 992 1575 infantibus
1002 1519 1114 1579 terarum

318 1593 503 1666 imbriumque
516 1593 676 1667 suffugium,
697 1608 780 1664 quam
794 1594 866 1648 utin
880 1592 972 1667 aliquo
981 1613 1114 1653 ramorum

318 1686 391 1724 nexu
404 1675 585 1743 contegantur.
625 1668 685 1722 lluc
697 1666 808 1723 redeunt
817 1669 938 1736 iuvenes,
959 1670 1014 1726 hoo
1023 1690 1114 1728 senum

318 1742 524 1818 receptaculum.
537 1741 590 1798 Sed
598 1743 701 1797 beatium
712 1743 971 1817 arbitrantur,quam
981 1746 1115 1820 ingemere

318 1820 399 1894 agris,
420 1818 569 1874 inlaborare
584 1817 720 1883 domibus,
741 1836 804 1875 suas
824 1817 978 1892 alienasque
998 1821 1114 1882 fortunas

317 1902 626 1968 epemetuqueversare.
656 1892 748 1949 Securi
757 1893 885 1951 adversus
895 1895 1031 1963 homines,
1045 1916 1115 1955 secu·

290 1972 295 1983 ’
316 1973 340 2028 ri
354 1972 483 2029 adversus
497 1970 570 2034 deos,
590 1986 648 2024 rem
663 1968 850 2027 difficillimam
864 1970 984 2026 adsecuti
994 1981 1071 2039 sunt,
1091 1984 1115 2028 ut

316 2047 372 2103 illia
381 2065 416 2103 ne
424 2054 484 2104 voto
498 2044 609 2175 qqildem
619 2060 688 2115 opus
698 2050 776 2099 esset.
816 2044 906 2101 Cetera
916 2046 971 2100 iam
980 2046 1112 2104 fabulosa:

316 2122 449 2184 Hellusios
462 2128 488 2176 et
552 2137 617 2176 onas
631 2136 676 2174 ora
688 2119 829 2175 hominum
839 2119 997 2193 vultusque,
1010 2140 1113 2195 corpora

317 2204 397 2269 atque
410 2205 483 2252 artus
499 2194 616 2251 ferarum
628 2210 729 2268 gerere.
769 2194 849 2262 Quod
856 2212 914 2270 ego,
925 2204 957 2253 ut
965 2197 1113 2273 incomper-

315 2279 385 2338 tum,
396 2270 553 2327 inmedium
563 2270 724 2343 relinquam.
