2559 3692
311 418 361 476 act
511 416 752 473 c.-conuuu'11
773 424 908 479 uncini
968 416 1006 492 (a.
1021 437 1050 475 n.
1064 422 1122 493 aar.)

309 526 473 599 spectabant,
492 525 560 581 nihil
576 525 689 583 arduum
704 533 750 579 aut
762 526 895 581 invictum
905 525 1078 583 crediderint
1087 530 1122 583 sic

311 600 344 657 ed
354 601 455 657 bellum
466 601 645 656 venientibus.
683 598 720 654 lta
732 602 813 671 petita
823 618 888 673 pace
898 618 929 655 ac
938 601 1036 657 dedita
1047 604 1121 659 insu-

313 676 346 742 la,
363 676 451 731 clarus
464 692 497 731 ac
506 691 624 750 magnus
637 674 730 731 baberi
742 675 879 749 Agricola;
901 677 1010 749 quippe
1024 678 1072 733 cui
1083 680 1121 733 in-

310 752 440 826 gredienti
453 752 629 823 provinciam,
646 750 719 823 quod
731 756 837 823 tempus
848 750 894 806 elii
903 768 953 825 per
963 755 1119 809 ostentatio-
1144 782 1145 785 =

310 844 373 881 nem
386 834 433 881 aut
444 826 594 883 ciliciorum
606 826 738 880 ambitum
747 826 908 900 transigunt,
921 824 1000 882 labor
1013 834 1042 883 et
1051 831 1118 899 peri·

310 901 404 957 culum
417 901 571 973 placuisset.
610 902 666 956 Nec
680 899 811 974 Agricola,
832 902 1013 973 prosperitate
1030 920 1115 957 rerum

311 977 340 1031 in
350 978 493 1032 vanitatem
502 976 782 1048 usus,expeditionem
793 984 838 1031 aut
848 976 1114 1043 victoriamvocabat,
1140 972 1145 1011 l

312 1052 396 1108 victos
403 1052 582 1113 continuisse:
600 1068 638 1107 ne
647 1049 771 1105 laureatis
781 1050 892 1123 quidem
902 1059 980 1125 gesta
988 1070 1115 1125 prosecu-

299 1136 355 1183 tus
368 1134 417 1183 est.
456 1125 508 1180 Sed
523 1126 582 1198 ipsa
594 1125 808 1181 dissimulatione
820 1124 906 1181 famae
917 1125 1023 1182 lamam
1033 1130 1113 1193 auxit,

310 1200 522 1267 aestimantibus,
538 1208 639 1273 quanta
651 1200 734 1277 futuri
745 1218 793 1272 spe
801 1208 856 1256 tam
866 1218 967 1275 magna
977 1204 1113 1259 tacuisset.

365 1280 407 1331 ⁴9.
423 1275 546 1331 Ceterum
556 1277 1122 1361 onimornm‘provinciaeprudens‚simul-·

310 1368 365 1424 que
377 1351 470 1406 doctus
484 1368 532 1423 per
545 1352 631 1408 aliena
646 1353 838 1424 experimenta,¹
856 1350 955 1426 parum
967 1354 1066 1425 profici
1075 1372 1113 1408 ar·

309 1428 373 1491 mis,
388 1428 412 1481 si
424 1428 737 1501 iniuriac'sequerentur,
754 1445 862 1483 caussas
876 1424 1015 1483 bellorum
1025 1430 1113 1484 statuit

310 1502 440 1558 excidere.
479 1501 503 1561 Α
517 1520 547 1558 se
560 1504 673 1575 suisque
684 1518 772 1569 orsus,
783 1503 899 1577 primam
909 1502 1027 1559 domum
1040 1522 1112 1559 suam

310 1578 441 1647 coercuit;
471 1578 545 1651 quod·
565 1578 703 1651 plerisque
721 1576 795 1634 haud
812 1579 905 1635 miuus
924 1578 1046 1635 arduum
1065 1586 1110 1644 est,

310 1667 392 1725 quam
401 1654 567 1726 provinciam
577 1670 677 1727 regere.
706 1652 779 1708 Nihil
790 1670 838 1725 per
848 1652 955 1709 libertos
966 1671 1112 1727 servosque

310 1728 434 1800 publicae
444 1730 496 1784 rei:
517 1744 571 1785 non
586 1728 683 1783 studiis
697 1730 809 1799 privatis
818 1744 867 1783 nec
876 1746 909 1783 ex
919 1726 1112 1785 commendati-

309 1821 360 1859 one
373 1812 419 1859 aut
431 1804 557 1876 precibus
575 1804 761 1859 centurionum
775 1802 874 1857 milites
887 1803 1048 1871 adsciscere,
1067 1804 1111 1859 sed

308 1880 441 1951 optimum
454 1895 591 1952 quemque
603 1878 791 1944 fidelissimum
801 1884 909 1951 putare:
929 1881 1024 1935 omnia
1035 1882 1109 1943 seire,
1144 1894 1145 1913 ¹

309 1972 362 2010 non
380 1955 470 2010 omnia
484 1954 611 2026 exsequi:
631 1954 723 2026 parvis
737 1954 851 2025 peccatis
865 1954 984 2021 veniam,
1005 1957 1109 2029 magnis

309 2028 670 2100 severitatem-commodare:
701 2044 750 2084 nec
763 2030 848 2101 poena
862 2047 978 2102 semper,
990 2032 1044 2086 sed
1055 2048 1109 2085 sae-
1144 2032 1145 2059 r

309 2106 372 2178 pius
385 2105 545 2180 poenitentia
557 2111 697 2161 contentus
707 2120 779 2160 esse:
800 2104 895 2161 officiis
904 2113 930 2159 et
940 2104 1108 2175 administra·

310 2182 427 2238 tionibus
440 2184 528 2255 potius
542 2199 595 2261 uqn
609 2187 763 2254 peccaturos
777 2196 947 2253 praeponere,
968 2198 1054 2253 quam
1065 2181 1108 2235 da·

308 2275 410 2324 mnarc,
425 2276 487 2314 cum
500 2265 662 2330 peccassent.
702 2256 841 2311 Frumenti
856 2263 881 2310 et
891 2255 1055 2311 tributorum
1064 2274 1108 2311 ex-

309 2334 438 2388 actionem
457 2332 615 2405 aequalitate
631 2336 776 2385 munerum
796 2329 909 2397 mollire,
931 2332 1105 2395 circumcisis,

309 2408 580 2479 quac,‘in.quaestnm
591 2412 702 2479 reperta,
719 2406 777 2477 ipso
786 2406 885 2461 tributo
895 2407 1006 2479 gravim
1017 2406 1106 2462 tolera-
1144 2466 1145 2479 χ

309 2482 414 2537 bantur.
454 2483 577 2553 Namque
587 2500 636 2563 per
649 2481 797 2537 ludibrium
808 2480 929 2535 adsidere
938 2479 1040 2537 clausis
1050 2482 1107 2537 hor-

308 2558 372 2620 reis,
394 2563 516 2611 atemere
528 2556 598 2627 ultro
613 2556 755 2631 frumenta,
777 2572 808 2611 ac
816 2555 931 2611 vendere
940 2557 1025 2627 pretio
1035 2572 1106 2631 coge-
1144 2578 1145 2611 r

308 2632 415 2686 bantur.
454 2632 575 2686 Devortia
591 2632 719 2687 itinerum
734 2638 759 2687 et
772 2631 954 2705 longinquitas
968 2633 1105 2707 regionum

309 2705 484 2772 indicebatur,
501 2713 532 2760 ut
543 2708 664 2761 civitatm
675 2708 830 2779 aproximis
841 2702 962 2761 bibernis
971 2707 1001 2762 in
1011 2714 1106 2762 remota

308 2788 334 2834 et
352 2781 412 2835 avia
430 2779 570 2845 deterrent,
591 2781 684 2847 donec,
705 2782 778 2853 quod
796 2780 923 2839 omnihus
940 2781 969 2837 in
983 2790 1105 2855 promptu

300 2862 373 2922 crat,
383 2855 477 2926 paucis
486 2852 622 2910 lucrosum
636 2856 718 2917 fieret.
779 2894 781 2899 -

364 2932 406 2986 20.
427 2928 775 3011 liaecp'rimostatim'auno
785 2932 993 3007 comprimendo,
1006 2932 1107 3009 egregi-
