2559 3692
292 455 325 506 ae
532 457 856 504 maronranun
955 447 1107 522 (amara

292 559 365 624 bant,
381 557 527 614 industriae
537 558 596 611 eiua
606 558 834 629 innocentiaeque,
850 556 1024 630 quasi-malis
1035 559 1109 613 arti-

292 635 354 700 bus,
368 633 478 690 infensi.
517 631 611 686 Caedis
625 640 652 685 et
664 631 823 702 praedarum
836 633 945 687 initium
957 641 985 687 et
993 634 1107 704 optimo

292 711 391 781 unique
404 708 550 781 perniciem
559 706 653 777 quaeri
665 707 816 778 adparebat.
831 745 836 756 .
854 707 907 762 Sed
916 706 1018 763 Othoni
1030 725 1106 763 non-

292 785 358 839 dum
374 783 513 838 auotoritas
526 780 612 835 inerat
624 780 657 835 ad
665 778 864 853 prohibendum
876 783 980 837 soelus:
1001 783 1104 838 iubere

291 861 346 914 iam
356 865 465 930 poterat.
504 857 551 921 lta,
567 855 738 912 simulatione
750 857 815 921 irae,
830 862 928 912 moriri
937 858 1063 923 iussum,
1076 866 1103 913 et

291 939 403 988 moturae
420 947 517 1000 poenae
536 935 661 985 daturum
679 931 839 998 adfirmans,
858 933 993 1004 praesenti
1012 933 1103 987 exitio

292 1007 432 1064 subtraxit.

347 1085 389 1136 lo.
410 1078 860 1136 Omniadeindearbitriomilitum
867 1089 934 1136 nota.
965 1082 1100 1137 Praetorii

291 1155 434 1228 praelautos
448 1155 501 1213 sibi
512 1156 564 1226 ipsi
574 1154 675 1228 legerer
696 1154 810 1210 Plotium
825 1157 957 1222 Firmum,
975 1174 990 1212 e
1005 1158 1101 1212 mani·

291 1230 432 1303 polaribus
440 1230 588 1302 quondam,
597 1237 657 1285 tum
665 1229 796 1304 vigilibus
805 1232 995 1302 praepositum,
1007 1239 1044 1297 et,
1052 1233 1099 1286 in-

292 1305 391 1361 eolumi
400 1305 489 1360 adhue
498 1304 592 1370 Galba,
622 1312 691 1360 artes
699 1304 812 1360 Othonis
821 1313 953 1361 secutum.
986 1305 1097 1361 Adiun-

291 1382 363 1454 gitur
381 1381 503 1435 Licinius
513 1321 652 1444 Prooudds,
672 1381 766 1434 intima
780 1379 957 1435 familiaritate
966 1380 1094 1447 Othonis,

292 1463 432 1526 suspectus
447 1454 631 1510 eonsiliaeius
644 1453 752 1510 fovisse.
791 1455 859 1510 Urbi
873 1454 998 1511 Flavium
1014 1455 1096 1512 Sabi-

292 1547 358 1585 num
377 1528 539 1601 praetenera,
560 1530 691 1584 iudieium
714 1530 827 1584 Neronis
845 1531 944 1596 secuti,
963 1531 1017 1586 sub
1036 1548 1094 1604 qno

292 1605 402 1662 eandem
429 1622 521 1660 euram
542 1604 707 1660 obtinuerat:
739 1604 877 1676 plerisque
894 1605 1092 1677 Vespasianum

291 1679 398 1736 fratrem
413 1681 443 1736 in
456 1696 487 1736 eo
500 1679 714 1751 respicientibus.
753 1679 924 1754 Flagitatum,
934 1690 965 1735 ut
973 1687 1092 1736 meato-

290 1773 350 1819 nee,
379 1761 514 1825 praestari
542 1759 734 1810 reaturlonr'bua
755 1759 873 1820 solitae,
887 1760 1089 1812 remitterentur.

290 1831 414 1904 Namque
423 1832 561 1906 gregarius
571 1829 659 1896 miles,
671 1838 702 1884 ut
710 1830 842 1885 tribunum
850 1846 981 1896 annuum,
990 1830 1091 1902 pende

289 1906 354 1962 bet..
384 1905 482 1974 Quarta
492 1923 554 1978 pare
563 1905 696 1976 manipuli
706 1914 1090 1976 sparsaperoommeatrra,aut

289 1983 319 2037 in
334 1982 402 2052 ipsis
415 1982 509 2036 eastris
518 1997 595 2054 vagu,
609 1980 676 2036 dum
686 1978 835 2034 mercedem
844 1981 992 2036 centurioni
1002 1980 1089 2036 exsol-

290 2065 376 2112 veret:
394 2057 490 2127 'neque
503 2055 614 2110 modum
627 2054 717 2110 oneris
730 2055 886 2126 quisquam,
904 2072 992 2128 neque
1002 2073 1086 2130 genus

290 2137 418 2204 quaestus
432 2130 510 2202 penei
523 2129 646 2184 babebat.
685 2129 735 2183 Per
749 2128 884 2184 latrocinia
893 2138 920 2185 et
928 2138 1027 2202 raptus,
1040 2139 1086 2185 aut

290 2205 435 2276 servilibus
462 2203 635 2269 ministeriis,
665 2204 780 2259 militare
802 2206 888 2261 otium
903 2205 1080 2279 redimebant.

290 2281 359 2336 Tum
375 2279 601 2350 locupletissimus
617 2274 737 2352 quisque
749 2279 827 2334 miles
842 2279 931 2335 labore
939 2298 970 2335 ac
978 2281 1081 2336 saevitia

285 2355 404 2429 inligari,
424 2355 508 2412 donee
521 2354 686 2410 vacationem
704 2364 811 2410 emeret.
851 2355 912 2420 Ubi,
934 2357 1081 2428 sumptibus

289 2431 446 2496 exhaustus,
461 2429 580 2484 sonordia
593 2430 705 2500 insuper
718 2429 881 2504 elanguerat,
896 2430 975 2502 inops
988 2448 1033 2503 pro
1043 2429 1081 2487 lo·

289 2505 393 2577 ouplete
412 2513 438 2561 et
455 2506 528 2560 iners
545 2521 594 2576 pro
612 2511 729 2570 strenuo,
748 2505 778 2560 in
790 2499 961 2577 manipulum
970 2506 1079 2562 redibat:

290 2599 321 2636 ao
334 2597 430 2636 rursus
444 2579 514 2634 aliua
529 2587 610 2651 etque
621 2578 702 2647 alius,
717 2579 809 2634 eadem
817 2588 932 2654 egestate
943 2593 974 2635 'ae
983 2581 1079 2636 lieentia

290 2655 421 2726 eonrupti,
438 2653 471 2710 ed
486 2653 628 2710 seditiones
641 2661 669 2709 et
681 2653 837 2721 disoordias‚
855 2663 881 2709 et
892 2655 927 2710 ad
939 2663 1079 2711 extremum

289 2729 398 2792 inbelle
406 2728 496 2786 civilia
506 2729 627 2785 ruebant.
666 2727 806 2794 SedOtho,
821 2747 856 2784 ne
864 2729 941 2804 vulgi
950 2729 1079 2804 largitione

290 2807 476 2862 nenturionum
490 2805 743 2870 autumaverunt,
758 2808 850 2874 aarum
855 2823 933 2860 auum
940 2811 1079 2863 oooottonra

289 2899 394 2938 unauna
403 2883 583 2936 resoluturum
591 2880 731 2952 promisit:
743 2897 801 2934 rem
810 2879 974 2935 hauddubie
983 2879 1076 2946 utilem,

290 2965 317 3013 et
334 2975 349 3014 e
368 2955 447 3014 bonis
459 2963 549 3029 postea
563 2955 733 3030 principibus
746 2956 920 3029 perpetuitate
932 2954 1078 3027 disciplinae
