2559 3692
297 476 346 529 226
534 478 854 525 maromontem
955 470 1083 544 (anau

296 583 448 649 accepisset·
481 577 566 634 &mol
581 583 665 633 otram
683 581 796 631 eumdem
814 582 929 633 iuuenem
948 584 978 649 to
996 584 1098 637 coelum

295 660 354 724 tgna
364 657 479 723 plurimo
491 656 592 708 adtolli.
628 650 803 717 Ptolemaeus,
820 654 910 709 omine
923 662 949 708 et
962 655 1098 713 miraculo

295 730 408 792 excitus,
424 726 603 783 sacordotibus
616 725 818 799 Aegyptiorum,
836 728 939 798 quibus
956 746 1016 783 mos
1031 731 1098 785 talia

295 800 450 876 intelligere,
471 809 612 858 nocturnos
627 801 703 855 visus
716 800 813 872 aperit:
834 802 924 873 atque,
942 802 1001 857 'illis
1016 804 1097 860 Ponti

295 886 322 934 et
339 886 506 933 externorum
525 892 621 946 parum
639 875 741 949 gnaris,
762 874 930 931 Timotheum
946 876 1097 935 Athenien-

295 969 363 1017 sem,
377 968 393 1005 e
404 958 482 1025 gente
495 948 726 1021 Eumolpidarum,
741 965 821 1022 quem
836 958 866 1005 ut
877 954 1023 1007 antistitem
1034 961 1097 1009 cae*

295 1026 469 1081 rimoniarum
478 1022 605 1088 Eleusine
614 1024 893 1094 exciverat,quaenam
903 1024 950 1081 illa
960 1030 1097 1100 supersti-

296 1102 340 1166 tio,
357 1098 430 1173 quod
443 1095 561 1153 numeni
578 1098 729 1172 interrogat.
768 1098 933 1165 Timotheus,
949 1094 1094 1173 quaesitis,

295 1176 343 1247 qui
356 1176 385 1229 in
398 1174 511 1229 Pontum
525 1180 666 1238 meassent,
688 1174 830 1246 cognoscit,
842 1174 937 1229 urbem
947 1174 1004 1231 illic
1010 1176 1097 1234 'Sino-

295 1267 357 1321 pen,
378 1262 427 1302 neo
439 1245 532 1319 procul
546 1246 686 1320 templum,
709 1254 793 1303 vetere
806 1248 874 1303 inter
888 1248 993 1306 adcolas
1008 1249 1092 1318 fama,

295 1322 449 1378 lovis'Ditis.
488 1322 610 1394 Namque
620 1330 645 1377 et
655 1321 812 1391 muliebrem
825 1320 942 1396 effigiem
950 1316 1093 1393 adsistere,

294 1414 376 1471 quam
385 1396 507 1469 plerique
515 1397 700 1468 Proserpinam
710 1406 811 1452 vocent.
850 1395 902 1453 Sed
912 1397 1091 1468 Ptolemaeus,

294 1479 324 1527 ut
332 1471 433 1527 suntin
452 1472 511 1527 enia
521 1488 625 1545 regum,
639 1488 740 1543 pronus
754 1471 788 1525 ad
798 1470 977 1539 formidinem,
988 1472 1039 1529 ubi
1049 1493 1095 1531 se-

293 1548 391 1602 curitns
404 1564 418 1601 r
453 1547 491 1611 ''t,
507 1545 672 1617 voluptatum
688 1563 769 1617 quam
780 1545 939 1620 religionum
949 1548 1091 1619 adpetens,

293 1620 427 1695 negligere
436 1620 574 1693 paullatim
583 1619 703 1692 olimque
712 1621 746 1675 ad
754 1638 831 1675 curas
840 1622 961 1677 animum
971 1632 1090 1681 vertere:

293 1696 376 1751 donoc
389 1696 480 1751 eadem
489 1696 605 1768 species,
621 1694 762 1755 terribilior
773 1697 826 1751 iam
836 1704 862 1750 et
871 1696 1020 1763 instantior,
1033 1702 1094 1755 exi-

291 1773 361 1827 tium
375 1771 427 1845 ipsi
440 1788 575 1846 regnoque
587 1770 762 1836 denuntiaret,
779 1772 807 1825 ni
821 1772 895 1841 iussa
909 1780 1090 1843 patrarentur.

293 1848 363 1903 Tum
377 1846 475 1922 legatos
490 1854 514 1903 et
523 1846 591 1901 dona
601 1844 813 1918 Scydrothemidi
827 1848 883 1920 regi
893 1846 926 1920 (is
936 1855 1001 1903 tunc
1010 1847 1094 1918 Sino-

291 1922 422 1994 pensihus
431 1919 605 1994 imperitabat)
615 1918 734 1991 expediri
744 1920 831 1977 iuhct:
850 1923 1034 1995 praecipitque
1042 1942 1094 1979 na—

292 1999 432 2072 rigaturis,
451 2005 482 2053 nt
495 1994 622 2069 Pythium
635 1993 786 2065 Apollinem
796 1995 899 2053 adeant.
938 1996 994 2053 lllis
1014 2016 1094 2055 mare

292 2073 454 2128 secundum:
474 2088 532 2126 sors
541 2068 641 2125 oraculi
650 2070 723 2125 hand
732 2070 871 2145 ambigua:
892 2076 1094 2136 trent,atmule-

292 2165 415 2217 oramque
420 2151 508 2215 patria
516 2150 558 2201 aui
567 2148 722 2209 reveherent,
735 2150 834 2201 sororia
843 2150 1028 2216 relinquerent

347 2225 389 2277 8l.
410 2222 444 2277 Ut
456 2220 571 2293 Sinopen
585 2237 690 2288 venere,
705 2236 826 2286 munera,
846 2238 947 2293 preces,
962 2223 1094 2279 mandata

291 2297 415 2369 regissui
430 2295 641 2369 Scydrothemidi
655 2294 785 2368 adlegant.
824 2293 877 2362 Qui
887 2314 982 2362 versus
991 2299 1092 2365 animi,

291 2370 370 2425 modo
379 2387 479 2425 numen
489 2369 723 2442 pavescere,modo
732 2370 813 2425 minis
821 2370 985 2427 adversantis
993 2374 1094 2445 populi
1158 2408 1159 2413 κ

291 2448 396 2501 terreri:
417 2461 496 2516 saepe
511 2444 587 2500 donis
602 2445 797 2517 promissisque
811 2444 956 2521 legatorum
966 2446 1094 2505 flecteba-

290 2528 344 2575 tur.
383 2519 589 2593 htque'interim
602 2520 716 2575 triennio
730 2527 828 2588 exacto,
849 2520 1013 2577 Ptolemaeus
1035 2540 1094 2580 non

290 2594 422 2661 studium,
433 2612 484 2651 non
494 2612 585 2666 preces
593 2595 722 2651 omittere.
759 2596 918 2669 Dignitatem
929 2596 1091 2671 legatorum,

291 2688 434 2727 numerum
444 2666 564 2734 navium,
577 2669 636 2725 auri
647 2668 750 2739 pondus
761 2670 882 2745 augebat.
914 2672 984 2726 Tum
994 2673 1095 2731 minax

292 2743 371 2800 iacias
389 2744 599 2818 Scydmthemidi
617 2742 734 2808 offertur,
755 2762 789 2800 ne
806 2745 935 2801 destinata
953 2746 1003 2802 deo
1018 2748 1093 2803 ultra

291 2828 446 2875 moraretur.
486 2818 659 2873 Cunctantem
673 2819 746 2873 varia
758 2820 889 2891 pernicies
905 2821 1051 2893 morbique
1064 2832 1095 2877 et
1157 2840 1158 2919 q

291 2893 431 2952 manifesta
450 2892 603 2949 coelestium
616 2893 657 2946 ira
669 2894 828 2966 graviorque
841 2895 870 2949 in
883 2893 940 2949 dies
951 2894 1090 2969 fatigabat.

291 2968 422 3025 Advocato
434 2969 568 3035 concione,
582 2968 656 3023 insse
670 2967 800 3035 numinis,
814 2986 877 3025 suos
891 2969 1094 3043 Ptolemaeique
