2559 3692
319 443 352 496 82
558 443 880 495 eunomianum
978 435 1114 509 (mutim

320 545 409 602 iacies.
447 543 576 600 Cominus
595 543 757 616 eminusque
775 544 888 601 cursis
905 551 932 598 ct
943 546 1041 600 cuneis
1055 562 1116 602 ocn-

319 619 472 676 cnrrebant:
492 619 521 674 in
531 616 806 692 aggereviacoonlato
813 617 908 691 gradu,
924 619 1084 689 corporibus
1093 630 1116 676 et

320 693 482 750 umbonibus
490 693 550 758 niti,
565 692 666 749 omisso
677 691 794 764 pilorum
804 693 883 757 iactu,
893 691 992 765 gladiis
1000 700 1030 748 et
1040 711 1116 750 secu-

318 769 394 826 ribus
403 766 491 842 galeas
501 765 649 839 loricasque
656 782 843 838 perrumpere:
854 765 991 822 noscentes
998 768 1072 824 inter
1078 785 1114 830 se.

319 844 412 900 ceteris
422 841 568 913 conspicui,
579 841 744 896 incaenium
753 841 834 896 totius
843 839 908 896 belli
918 841 1067 898 certabant.

330 983 333 988 ¹
374 918 416 972 ti.
436 915 513 970 Forte
531 914 599 970 inter
617 915 719 970 Padum
739 915 879 987 viamque,
894 916 995 987 patenti
1008 933 1113 989 campo,

319 989 388 1046 duae
399 989 514 1064 legiones
528 1005 684 1063 congressae
693 997 770 1045 sunt:
789 1006 838 1060 pro
847 988 953 1045 Vitellio
961 993 1114 1048 unaetvicc

319 1066 398 1130 sima,
415 1065 459 1120 cui
474 1080 619 1138 cognomen
632 1065 741 1132 Rapaci,
755 1071 843 1119 vetere
854 1064 938 1138 glorie
946 1065 1082 1138 insignis:
1101 1083 1114 1122 c

320 1147 393 1212 perte
402 1136 513 1194 Othonis
526 1139 613 1209 prima
622 1137 756 1204 Adiutrix,
767 1155 820 1194 non
829 1140 926 1194 cntein
934 1140 1022 1194 aciem
1031 1140 1113 1196 dedu-

320 1221 369 1277 cta,
391 1211 438 1267 sed
452 1211 526 1284 ierox
535 1220 561 1268 et
575 1214 637 1269 novi
647 1212 749 1268 decoris
758 1213 845 1268 ovida.
884 1213 1014 1279 Primam,
1026 1216 1112 1270 stratis

321 1287 621 1344 unoetvicesimanorom
628 1287 1051 1360 principiis‚aquilamabsmlcro
1057 1288 1113 1356 Quo

319 1360 407 1418 dolore
415 1379 523 1418 accense
533 1360 611 1435 legio,
627 1369 654 1416 ct
661 1361 761 1433 inpulit
769 1379 865 1418 narsus
873 1363 1021 1434 primanos,
1033 1365 1112 1418 inter-

320 1433 386 1491 fecto
399 1434 527 1508 Orphidio
538 1436 657 1509 Benigno
670 1434 764 1510 legato,
777 1444 804 1491 ct
814 1436 930 1508 plurima
939 1436 1017 1511 signa
1029 1438 1112 1495 vexil-

320 1509 399 1583 laquo
408 1527 441 1567 ex
450 1511 571 1566 hostibus
581 1511 679 1582 rapuit.
717 1510 741 1566 A
752 1518 827 1582 parte
834 1511 886 1568 alia
895 1510 1024 1584 propulsa
1033 1514 1112 1585 quin-

319 1593 441 1640 tanorum
450 1585 542 1657 inpetu
552 1584 730 1641 tertiadeclma
739 1585 822 1658 legio:
842 1586 1017 1642 circumventi
1028 1588 1112 1659 pluri-

319 1677 367 1715 um
376 1658 491 1714 adcursu
500 1658 735 1732 quartadecimani.
758 1661 801 1725 Et,
811 1661 926 1716 ducibus
935 1659 1051 1718 Othonis
1060 1664 1110 1717 iam

319 1734 423 1806 pridem
435 1734 566 1810 profugis,
581 1733 693 1804 Caecina
707 1753 738 1791 ac
746 1735 844 1792 Valens
855 1735 985 1791 subsidiis
993 1754 1062 1793 suos
1070 1738 1111 1791 lir-

319 1809 436 1866 mahant.
474 1810 592 1866 Accessit
605 1808 855 1875 recons‘auxilium,
871 1810 957 1866 Varus
971 1809 1110 1882 Alphenns

318 1901 381 1942 cum
395 1885 510 1951 Batavis,
526 1884 586 1942 lusa
599 1884 775 1958 gladiatorum
788 1892 879 1950 manu,
893 1901 986 1957 quam,
996 1888 1110 1942 navibus

319 1967 503 2025 transvectam,
518 1961 653 2032 oppositae
666 1957 785 2012 cohortes
797 1958 826 2013 in
841 1959 900 2030 ipso
908 1958 1022 2016 flumine
1031 1963 1111 2020 truci-

318 2033 453 2089 davcrant.
491 2033 529 2087 Ita
538 2033 649 2086 victores
660 2030 729 2086 latus
737 2031 854 2087 hostium
865 2034 971 2088 invecti.

373 2109 415 2162 ll.
435 2107 478 2171 Et,
493 2105 581 2160 media
595 2106 651 2160 acie
664 2114 798 2178 perrupta,
814 2106 906 2181 iugero
916 2109 1019 2180 passim
1031 2107 1111 2166 Otho-

318 2181 402 2246 niani,
422 2180 578 2236 Bedriacum
596 2186 723 2251 petentes.
761 2181 917 2238 inmensum
935 2183 965 2238 id
976 2185 1108 2255 spatium:

317 2255 466 2344 obstr-uotae
474 2261 711 2343 strage-corporum
719 2256 787 2343 viuc3
795 2254 867 2343 'Quo
875 2256 938 2328 plus
946 2258 1037 2314 caedis
1047 2258 1109 2316 fuit:

318 2328 1112 2476 §miiitilllliiiliiiluttiiiiiiii

318 2479 393 2535 ribus
406 2486 490 2534 castra
500 2479 625 2535 vitavere.
635 2479 750 2535 Vedium
759 2479 1112 2551 Aquilam‚tertiaodeoimae

319 2554 430 2630 legionis
439 2553 566 2628 legatum,
576 2555 631 2609 irae
641 2553 758 2610 militum
767 2555 933 2610 inconsultus
942 2573 1026 2628 paror
1035 2559 1113 2615 obtu-

318 2627 358 2685 lit.
396 2629 479 2686 Multo
493 2629 580 2684 adhuc
594 2629 637 2684 die
647 2627 749 2684 uallum
758 2628 906 2702 ingressus.
916 2629 1113 2704 clamoresedt

318 2706 446 2762 tiosorum
465 2712 490 2760 et
508 2703 645 2777 fugacium
663 2704 903 2777 circumstrepitur:
924 2723 977 2762 uon
994 2708 1110 2778 probris,

318 2797 372 2835 non
385 2779 510 2835 monibus
523 2779 669 2834 abstinent:
688 2783 841 2835 desertorem
852 2785 1064 2852 proditoremque
1071 2784 1113 2836 in·

318 2861 438 2926 crepant:
460 2853 535 2910 nullo
551 2855 659 2926 proprio
666 2855 779 2910 crimine
786 2857 856 2921 eius,
875 2855 923 2910 sod
936 2872 1010 2911 moro
1024 2857 1111 2930 vulgi.

319 2947 400 2986 suum
414 2931 531 3003 quisque
548 2927 679 3005 flagitium
692 2928 753 2986 aliis
769 2930 935 2987 obiectantes.
975 2930 1113 2988 Titianum
