2559 3692
175 396 305 469 suro.)
383 408 464 455 ura.
483 408 519 454 11.
540 397 628 453 cni.
650 408 772 453 ss-ss,
930 404 979 458 tot

172 507 272 579 pravis
284 506 420 580 magistris
429 506 521 561 didicit
529 524 667 579 aususque
676 516 725 564 est.
746 508 863 579 Propriis
871 526 980 583 quoque

171 580 279 653 opibus
294 580 436 636 Mucianus
449 580 549 637 bellum
563 582 641 646 iuvit,
658 581 751 655 largus
763 582 896 654 privatim,
908 584 980 655 quod

170 654 289 711 avidius
303 654 337 710 de
351 654 487 726 republica
500 664 626 712 sumeret.
665 656 751 713 Ceteri
760 656 979 714 mnierendamm

169 730 357 802 pecuniarum
382 728 534 801 exemplum
558 732 656 786 secuti:
686 732 843 787 rarissimus
863 733 981 805 quisque

171 804 293 861 eandem
302 805 331 859 in
340 805 510 875 reciperando
521 804 656 859 licentiam
665 804 826 861 babuerunt.

232 882 278 935 85.
299 878 447 934 Accelerata
466 879 573 935 interim
592 880 749 951 Vespasiani
770 890 861 953 coepta
878 881 980 955 Illyrici

170 956 312 1011 exereitus
330 952 427 1017 studio,
447 955 606 1027 transgressi
626 954 656 1009 in
673 962 770 1026 partes.
810 954 897 1011 Tertia
910 956 979 1030 legio

170 1027 334 1100 exemplum
345 1029 438 1083 ceteris
447 1028 560 1085 Moesiae
569 1027 720 1102 legionibus
728 1030 860 1101 praebuit.
878 1030 978 1087 Octava
1020 1062 1025 1072 ·

171 1111 233 1159 erat
256 1112 290 1159 ao
307 1104 419 1174 septima
438 1101 592 1168 Claudiana,
615 1103 725 1159 inbutae
743 1103 831 1160 lavore
842 1099 976 1173 „Othonis

171 1177 306 1251 quamvis
315 1176 415 1249 proelio
424 1193 476 1233 non
486 1176 677 1233 interfuissent.
692 1178 844 1251 Aquileiam
853 1197 978 1254 progres-

171 1270 231 1318 sae,
251 1250 424 1324 proturbatis,
440 1253 490 1323 qui
503 1251 536 1307 de
546 1250 649 1309 Othone
663 1252 829 1319 nuntiabant,
844 1253 977 1311 laceratis·
1028 1275 1034 1283 ’

171 1324 977 1401 quevexillisnomenVitelliipraeferentibusraptapostre-

171 1420 221 1458 mo
230 1401 347 1473 pecunia
357 1410 382 1455 et
391 1401 604 1467 intersedivisa,
615 1401 745 1457 hostiliter
755 1413 871 1476 egerant.
901 1399 977 1461 Unde

171 1483 276 1541 metus,
289 1482 314 1530 et
323 1492 357 1531 ex
366 1485 439 1532 metu
449 1475 605 1532 consilium:
623 1495 699 1546 posse
708 1481 826 1546 inputari
840 1480 977 1548 Vespasio-

171 1570 221 1615 πο,
248 1568 316 1621 quae
334 1554 404 1618 opud
428 1551 555 1605 Vitellium
576 1556 728 1610 accomodo
747 1561 829 1607 aaut.
852 1554 905 1619 dtu
923 1562 976 1609 tres

171 1626 308 1683 Moesicae
316 1623 434 1698 legiones
442 1642 489 1695 per
499 1624 622 1695 epistolas
633 1625 976 1685 adliciebantPannonisum

172 1702 340 1764 exercitum,
361 1707 407 1755 aut
425 1698 552 1753 abnuenti
566 1700 623 1755 vim
639 1696 776 1771 parabant.
815 1702 845 1755 ln
859 1720 890 1757 so
903 1712 977 1758 motu

172 1775 301 1849 Aponius
310 1773 480 1839 Saturninus,
488 1772 602 1829 Moesiae
611 1781 704 1838 rector,
715 1774 977 1845 pessimumtacinus

173 1850 271 1915 audm,
297 1850 381 1905 misso
399 1850 553 1907 centurione
573 1848 607 1905 ad
626 1846 839 1905 interficiendum
859 1847 978 1906 Tertium

173 1925 324 1991 lulianum,
344 1924 473 1995 septimae
491 1922 604 1998 legionis
618 1922 746 1997 legatum,
768 1923 803 1979 ob
818 1923 978 1991 simultates,

168 2000 280 2073 'quibus
290 2016 413 2054 caussam
423 1998 539 2069 partium
548 1999 744 2071 praetendebat.
763 1998 895 2065 Iulianus,
906 2016 980 2057 eom-

173 2082 251 2147 pcrto
266 2072 433 2137 discrimine,
450 2081 475 2129 et
488 2076 579 2147 gnaris
593 2073 711 2129 locorum
721 2073 843 2139 adscitis,
858 2092 906 2146 per
919 2075 980 2132 avia

174 2150 293 2205 Moesiae
302 2147 371 2203 ultra
385 2156 502 2204 montem
512 2148 643 2203 Haemum
653 2147 780 2222 profugit.
819 2149 979 2210 Necdsinde

175 2223 251 2279 civili
265 2221 338 2277 bello
351 2220 480 2287 interluit,
500 2240 548 2295 per
565 2224 653 2279 varias
669 2241 757 2279 moras
775 2232 930 2296 susceptum
944 2225 979 2281 ad

175 2297 374 2373 Vespasianum
389 2298 438 2351 iter
452 2296 569 2371 trahens,
583 2306 654 2353 etex
663 2298 767 2354 nuntiis
775 2299 978 2355 mncmbundus

176 2383 222 2429 am
231 2390 521 2503 AfimpArtallnmPannonia
530 2448 594 2503 Xlll
603 2446 673 2521 legio
685 2465 716 2503 aa
724 2447 771 2501 Vll
781 2416 923 2515 Galbiana,¹
931 2448 995 2507 do-.

176 2520 261 2579 loram
276 2522 400 2593 bamque
414 2520 595 2579 Bedriacensis
608 2540 717 2597 pugnae
734 2524 885 2588 retinentes,
905 2522 980 2579 baud

175 2604 332 2654 mactanter
344 2596 508 2669 Vespasiano
527 2615 670 2662 accessere,
690 2598 718 2653 vi
737 2598 879 2669 praecipua
895 2597 980 2653 Primi

175 2672 297 2729 Antonii.
337 2672 364 2727 is
382 2671 487 2745 legibus
505 2691 603 2729 nocens
615 2681 641 2730 et
661 2681 779 2744 tempore
792 2672 904 2727 Neronis
919 2671 981 2727 falsi

175 2746 331 2813 damnatus,
352 2747 421 2803 inter
438 2747 488 2801 alia
503 2747 567 2803 belli
581 2748 661 2813 mala,
683 2747 845 2802 senatorium
859 2746 979 2802 ordinem

175 2824 380 2894 reciperarent.
420 2822 588 2893 Praepositus
603 2840 618 2877 a
633 2822 718 2877 Galba
731 2820 860 2892 septimae
870 2819 978 2893 legioni¹

175 2896 343 2971 scriptitasse
357 2894 455 2982 Othoni
464 2896 628 2963 credebatur,
643 2896 739 2952 ducem
749 2911 779 2950 sa
787 2890 981 2965 partibusolie-
