2559 3692
183 439 210 472 r.
225 415 309 490 ατο.)
395 426 474 472 ere.
493 425 530 472 ιι
551 425 640 473 cae.
661 427 767 474 s-1o.
950 425 984 478 aa

182 527 285 584 artibus
299 523 443 598 adgressus
459 534 512 582 est:
532 526 617 582 donec
630 525 754 592 Sisenna,
763 527 833 582 clem
842 527 932 584 relicta
941 530 984 585 in·

181 600 252 667 sula,
273 601 394 671 trepidus
413 609 438 654 et
451 601 507 656 vim
526 609 648 656 metuens
666 600 815 674 aufugeret.
855 603 919 658 inde
933 603 984 659 late

180 685 275 741 terror,
297 675 392 730 multis
406 674 440 729 ad
451 674 627 730 celebritatem
637 677 756 735 nominis
768 678 873 742 erectis,
892 694 983 733 rerum

180 765 315 814 nevarum
325 750 460 821 cupidine,
471 758 497 805 et
506 751 566 806 odio
575 751 767 822 praesentium.

235 828 263 880 9.
285 824 449 880 Glisoentem
457 824 486 878 in
496 824 553 880 dies
562 824 661 880 famam
670 824 724 881 iore
734 825 870 881 discussit.
904 826 985 882 Gala-

179 902 245 960 tiam
266 917 298 955 ec
317 897 504 973 Pamphyliam
516 899 668 971 provincias
683 899 828 972 Calpurnio
843 899 985 972 Asprenati

179 975 312 1050 regendas
326 973 411 1030 Galba
422 975 588 1045 permiserat.
626 975 707 1030 Datne
718 992 733 1029 e
745 975 830 1030 olesse
838 975 984 1031 Misenensi

179 1051 251 1106 duae
261 1049 383 1104 triremes
391 1048 425 1104 ed
434 1049 983 1124 prosequendumcumquibusllytlrnum

179 1124 300 1181 insulam
316 1125 410 1178 tenuit.
449 1125 503 1178 Nee
517 1123 633 1190 defuere,
649 1124 864 1196 quitrierarchoa
874 1127 983 1181 nomine

179 1201 296 1256 Neronis
307 1199 429 1254 accirent.
442 1199 467 1254 ls
477 1199 505 1254 in
515 1200 675 1256 maestitiam
683 1202 857 1272 compositus,
866 1209 892 1256 et
901 1200 982 1256 tidem

179 1292 296 1332 suorum
310 1273 446 1346 quondam
460 1273 578 1330 militurn
592 1274 730 1339 invocans,
746 1284 775 1330 ut
787 1293 850 1330 eum
863 1276 892 1330 in
904 1274 983 1350 Syria

178 1358 225 1406 aut
242 1349 367 1422 Aegypto
383 1349 519 1413 sisterent,
539 1348 638 1404 orabat.
679 1345 827 1404 Trierarcbi
846 1359 980 1417 nutantes,

178 1443 229 1481 seu
245 1423 317 1489 dolo,
332 1421 513 1495 adloquendos
527 1423 581 1479 sibi
593 1423 702 1489 milites,
717 1433 742 1480 et
751 1426 850 1496 paratis
859 1427 982 1482 omnium

178 1499 281 1556 animis
290 1515 452 1564 reversuros,
465 1498 649 1554 firmaverunt.
676 1497 982 1571 Sedtlsprenaticuncta

178 1594 212 1632 ex
226 1575 283 1630 fide
296 1575 430 1630 nuntiate:
451 1574 529 1628 cuius
543 1573 720 1630 cohortatione
733 1584 883 1648 expugnata
893 1577 982 1642 neus

178 1659 203 1706 et
212 1647 370 1708 interfecere
380 1649 507 1721 quisquis
517 1647 562 1703 ille
572 1657 636 1702 eret.
676 1647 789 1720 Corpus,
802 1651 910 1724 insigne
918 1667 984 1706 ocu·
1016 1650 1020 1658 '

178 1725 212 1781 lis
232 1740 367 1796 comaque
384 1730 411 1778 et
424 1723 543 1778 torvitate
556 1722 659 1786 vultus,
680 1723 708 1780 in
722 1724 814 1779 Asiam
827 1732 908 1797 atque
920 1725 983 1780 inde

178 1801 294 1857 Romam
305 1805 460 1870 pervectum
470 1804 519 1852 est.

235 1877 280 1930 to.
302 1875 333 1929 ln
351 1873 457 1929 civitate
473 1871 587 1928 discordi
601 1878 637 1938 et,
657 1869 693 1928 ob
709 1871 815 1928 crebras
829 1873 984 1944 principum

178 1949 354 2014 mutationes,
369 1949 438 2004 inter
452 1947 598 2003 libertatem
613 1963 645 2002 ac
657 1945 792 2003 licentiam
802 1946 911 2011 ineerta,
923 1964 985 2018 per-

179 2043 228 2082 vae
249 2040 360 2096 quoque
378 2040 420 2078 res
440 2023 546 2096 magnis
561 2022 679 2078 motibus
691 2022 847 2096 agebantur.
887 2022 984 2078 Vibius

179 2100 306 2172 Crispus,
324 2098 445 2169 pecunie,
456 2097 581 2170 potentia,
595 2098 704 2171 ingenio
712 2100 781 2154 inter
790 2096 875 2154 claros
884 2098 981 2172 magis,

179 2193 266 2248 quam
280 2175 350 2230 inter
366 2173 457 2238 bonos,
474 2171 593 2228 Annium
608 2173 749 2237 Faustum,
767 2173 899 2245 equestris
911 2173 984 2229 ordi-

180 2251 234 2316 nis,
249 2249 301 2321 qui
311 2247 475 2320 temporibus
485 2245 598 2302 Neronis
609 2245 753 2303 delationes
763 2246 934 2314 lectitaverat,
949 2248 983 2304 ad

180 2325 361 2398 cognitionem
380 2331 488 2378 senatus
506 2321 624 2378 vocabat.
664 2323 733 2378 Nam
756 2339 862 2387 recens,
882 2323 983 2379 Galbae

180 2401 345 2470 principatu,
361 2406 518 2454 censuerant
531 2405 628 2469 putres,
640 2405 672 2453 ut
680 2405 863 2453 accusatorum
872 2415 983 2462 caussae

180 2479 362 2532 noscerentur.
401 2471 432 2528 ld
445 2471 705 2529 senatusconsultum
719 2474 793 2529 veris
806 2474 932 2528 iactatum
945 2482 981 2536 et,

180 2557 261 2620 prout
270 2556 364 2621 potens
375 2546 416 2602 vel
427 2547 504 2620 inops
513 2565 576 2602 reus
586 2547 723 2612 inciderat,
734 2547 872 2603 infirmum
882 2556 983 2604 autra-

181 2623 268 2680 lidum
283 2623 455 2679 retinebatur.
494 2623 535 2678 Ad
550 2623 600 2678 hoc
614 2623 721 2679 terroris
733 2632 759 2678 et
770 2624 876 2695 proprie
886 2625 913 2678 vi
923 2623 983 2680 Cri·

181 2717 249 2771 spus
259 2698 427 2772 incubuerat,
442 2695 581 2754 delatorem
594 2695 683 2752 fratris
691 2699 736 2753 sui
746 2705 908 2769 pervertere:
929 2707 983 2773 tre-

181 2784 311 2846 xeretque
330 2790 454 2846 magnam
475 2781 582 2826 senatus
597 2781 711 2844 partem,
733 2781 762 2828 ut
774 2771 944 2839 indefensum
957 2781 983 2829 et

181 2849 336 2904 inauditum
348 2847 410 2905 dedi
423 2847 457 2902 ad
470 2847 582 2902 exitium
592 2846 765 2918 postularent.
805 2845 901 2902 Contra
910 2847 983 2916 apud

182 2923 249 2980 elios
260 2923 328 2996 nihil
339 2940 423 2998 aeque
433 2940 478 2978 reo
487 2921 617 2992 proderat,
624 2919 708 2992 quam
718 2921 801 2975 nimie
812 2921 926 2990 potentia
936 2919 983 2972 ad·
