2559 3692
202 454 219 491 s
242 454 267 492 c.
281 434 327 511 ro.)
404 446 485 491 nra.
503 446 556 493 111.
577 447 668 495 can.
688 448 807 494 etr—rr.
953 446 1003 503 tet

199 548 315 601 bostium
325 550 415 614 potius
429 550 584 601 exercitibus
597 550 673 603 illuct
680 553 804 617 lumem,
818 550 893 603 illurn
901 552 1003 607 weor-

198 624 276 675 ds'om
285 624 432 684 toticsreot,
442 620 543 677 orebat:
559 620 649 677 donec
656 622 789 679 induceret
797 622 902 688 seditio,
912 632 948 689 st,
956 642 1003 681 ex-

198 702 289 750 uerno
307 695 363 749 iam
377 694 431 760 die,
452 713 501 751 sua
555 696 561 709 '
616 697 674 752 ein
688 697 800 753 tenwia
813 696 1001 755 dilaberentur.

198 768 340 827 Profectus
359 769 451 829 eadem
470 778 545 827 noete
562 771 718 837 betianus,
736 770 828 829 obviis
846 771 1003 844 Vespasiani

198 842 308 910 litteris,
320 843 470 899 discrimini
478 852 618 917 exemptus
628 852 677 901 est.

259 920 302 974 ll.
323 918 462 991 Legiones,
474 914 557 975 veluti
567 920 627 975 tabe
636 919 756 986 iniectae,
765 919 902 992 Aponium
911 919 1004 975 Satur·

143 1020 146 1024 ·
197 993 311 1057 ninum,
321 993 430 1049 Moesici
439 995 570 1050 exercitus
579 994 870 1069 legatum,eostmeius
880 994 1006 1069 adgredi⁴

197 1074 296 1133 untur,
308 1066 454 1140 quodnon,
474 1076 504 1123 ut
512 1069 599 1140 prius,
621 1068 939 1141 laboreetoperelessee,
954 1069 1003 1125 sed

196 1142 292 1197 medio
305 1142 359 1197 diei
374 1150 538 1199 exarserant:
559 1142 676 1217 vulgetis
689 1144 819 1217 epistolis,
831 1162 901 1217 ques
910 1143 1003 1200 Satur-

196 1218 285 1273 ninus
294 1216 328 1272 ad
336 1216 473 1274 Vitellium
483 1218 623 1289 scripsisse
631 1219 795 1276 credebatur.
827 1218 862 1273 llt
869 1218 935 1275 olim
945 1220 1002 1275 vir·

196 1292 268 1347 tutis
278 1290 485 1363 modestiaeque,
496 1293 935 1366 tuncprooscitatisstpetulantiae
943 1311 1001 1349 cer-

197 1375 292 1421 tamen
301 1373 366 1431 erat,
378 1383 412 1421 ne
422 1368 513 1421 minus
523 1366 651 1423 uiolenter
663 1367 808 1440 Aponium,
819 1386 900 1441 wem
910 1368 1001 1425 Flavi·

196 1458 296 1505 anum,
311 1440 345 1496 ad
358 1440 521 1512 supplicium
536 1441 715 1514 deposcerent.
754 1442 860 1515 Quippe
870 1444 1000 1500 Moesicae

197 1514 330 1589 legiones,
345 1519 529 1594 adtutcnuse
536 1517 745 1573 Pannonicorum
753 1521 877 1573 utttom
884 1516 1001 1573 releren-

196 1600 250 1656 tes,
268 1599 294 1645 et
303 1590 457 1655 Pannonici,
473 1588 547 1648 velut
556 1590 757 1653 absolverentur
768 1591 882 1648 aliorum
892 1592 1000 1649 seditio·

197 1682 245 1731 ne,
266 1664 361 1719 iterare
379 1662 487 1735 eulpam
505 1666 665 1737 gaudebant
703 1665 842 1731 lnbortos,
856 1668 885 1723 in
898 1667 1000 1739 quibus

198 1739 386 1797 devertebatur
403 1737 718 1814 Saturninus,.pergunt
756 1741 813 1799 Neo
824 1749 878 1796 tem
892 1742 1000 1800 Primus

197 1823 226 1870 et
238 1813 396 1886 Aponianus
409 1821 436 1869 et
448 1813 581 1882 Messalla,
596 1831 763 1889 quamquam
778 1814 853 1871 omni
864 1815 943 1872 modo
955 1816 1000 1871 ni·

198 1890 234 1955 si,
246 1890 369 1961 eripuere
378 1885 562 1955 Saturninum,
578 1907 661 1964 quam
670 1890 819 1947 writes
829 1888 998 1956 latebrarum,

198 1964 303 2037 quibus
318 1962 501 2030 occulebatur„
510 1966 663 2023 vacantium
672 1964 738 2021 torte
746 1962 1000 2021 balnearumicrnu-

197 2039 278 2095 cibus
287 2037 403 2103 abditus.
427 2038 499 2105 Mox,
508 2040 618 2097 omissis
627 2039 775 2105 lictoribus,
790 2039 1000 2095 Pataviumcon·

198 2115 289 2169 cessit.
324 2113 452 2186 Digressu
461 2113 643 2171 consularium
652 2116 702 2171 uni
710 2113 999 2185 lnwniovisacpote-

197 2194 254 2245 stas
270 2189 299 2245 in
313 2195 357 2259 utr
425 2232 426 2237 1
444 2204 459 2243 s
472 2190 619 2245 sancitum
631 2188 695 2255 luit,
703 2189 860 2245 cedentilrus
868 2190 996 2263 conlegis,

197 2270 224 2319 et
236 2262 360 2321 obversis
375 2263 413 2317 nri
424 2263 493 2318 itum
509 2262 616 2321 studiis.
655 2265 711 2320 Neo
723 2264 840 2330 deuant,
850 2263 998 2336 quierede-

196 2346 267 2404 rent,
282 2344 425 2409 utramque
437 2338 594 2395 seditionem
607 2338 702 2395 fraude
708 2338 818 2395 Antonii
827 2346 956 2412 coeptam
967 2347 999 2395 ut

196 2413 273 2469 solus
282 2411 354 2469 bello
363 2408 503 2467 frueretur.

254 2490 296 2545 li.
316 2487 357 2541 Nc
366 2487 398 2543 in
405 2486 503 2542 Vitellii
514 2486 625 2560 quidem
637 2487 760 2557 partibus
767 2488 874 2560 quietae
882 2494 995 2553 monus,

196 2562 350 2619 exitiosiore
358 2561 502 2627 discordie,
511 2574 564 2617 non
575 2562 775 2634 suspicionibus
784 2560 871 2636 vulgi,
878 2563 927 2618 sed
936 2578 997 2633 per·

195 2637 260 2693 fidis
278 2636 390 2703 ducum,
411 2636 595 2695 turbabantur.
633 2636 757 2693 Lucilius
772 2637 882 2701 Bessus,
901 2636 996 2693 classis

194 2709 672 2785 Rauennatispraeiectus,ernbiguos
682 2711 997 2800 militurnanimos,quod

193 2784 998 2933 ltitbtrlbbtbltliitnbcirtuu

194 2944 245 2993 rat.
285 2936 346 2995 Nox
359 2935 502 3008 proditioni
515 2934 607 3000 electa,
620 2943 662 3001 ut,
675 2936 771 2999 ceteris¹
781 2934 894 3007 ignoris,
906 2928 956 2988 soli
966 2932 996 2992 in
