2559 3692
182 457 291 530 ruffo.)
387 467 465 512 uta.
484 466 503 512 r.
525 466 613 512 car.
634 467 676 510 so.
697 465 740 511 aa.
929 459 964 514 lle

181 569 282 620 humana
299 572 423 634 speciem:
445 574 557 621 statuam
575 570 602 619 d.
621 565 687 618 Iulii
704 569 733 618 in
749 567 837 618 insuto
852 566 965 620 Tiberim·

180 645 261 704 omna,
279 657 371 696 meno
385 649 410 695 et
423 645 516 696 inmoto
529 645 578 699 dte.
599 638 782 695 ahflccidente
794 644 824 693 in
835 638 965 694 cremam

181 731 332 770 conversam.-
357 718 520 784 prolocutum
543 720 572 768 in
589 713 700 768 Etruria
718 716 820 768 bouem:
849 715 966 767 insolitos

180 792 320 850 animalium
326 799 437 858 partos.-
454 798 480 846 et
491 789 568 861 plura
580 787 640 853 alia,
652 787 767 876 rudibus
776 785 876 841 seculis
885 787 966 875 etiam

179 864 521 1011 limitabat
530 860 967 1008 illitblttltittilt:

180 1013 224 1066 tun’
236 1029 324 1083 pavor,
344 1015 435 1068 subita
451 1013 624 1068 inundatione
640 1011 758 1066 Tiberis:
780 1012 829 1083 qui
842 1012 966 1068 inmenso

180 1094 258 1152 auctu,
270 1098 378 1158 proruto
388 1096 467 1160 ponte
476 1087 643 1152 Sublicio,ac
651 1095 739 1159 strage
747 1086 878 1159 obstantis
886 1085 966 1141 molis

180 1159 283 1227 miusua,
298 1179 350 1218 non
366 1163 446 1219 modo
457 1163 568 1217 iacentia
579 1169 604 1216 et
613 1160 691 1232 plana
702 1161 779 1215 urhis
789 1160 855 1226 loca,
865 1161 914 1216 sed
923 1178 967 1215 se-

180 1237 372 1293 curaeiusmodi
384 1255 497 1294 msuum
506 1235 627 1308 inplevit.
656 1235 966 1307 Raptiepuhlicopleri—

180 1325 233 1380 que,
243 1310 331 1381 plures
342 1313 372 1367 in
383 1312 500 1369 tabernis
510 1319 536 1366 et
545 1310 682 1366 cubilibus
689 1311 837 1382 intercepti.
870 1311 965 1366 Famae

179 1384 323 1459 invulgus,
342 1387 435 1459 inopia
454 1394 581 1458 quaestus
601 1395 627 1440 et
641 1386 753 1456 penuria
766 1385 963 1440 alimentorum.

180 1457 300 1532 Conrupta
319 1461 506 1536 stagnantibus
525 1460 604 1532 aquis
619 1459 770 1515 insularum
785 1459 965 1524 fundamenta,

179 1531 241 1600 dein,
255 1545 387 1591 remeante
402 1535 523 1601 flumine,
537 1535 650 1608 dilapsa.
690 1535 777 1606 thue
790 1536 909 1606 primum
919 1551 967 1589 va-

180 1623 238 1662 cuus
250 1627 264 1664 a
277 1610 398 1682 periculo
412 1612 519 1666 animus
533 1609 593 1675 luit,
614 1609 644 1664 id
657 1610 759 1681 ipsum,
779 1608 852 1681 quod
862 1609 967 1681 paranti

180 1683 358 1753 expeditionem
370 1685 480 1749 Othoni,
495 1701 606 1755 campus
616 1685 727 1738 Martius
736 1692 763 1738 et
771 1685 815 1740 via
823 1682 965 1747 Flaminia,

180 1755 222 1810 iter
238 1758 297 1815 belli
315 1768 389 1817 esset
406 1760 573 1816 obstructum
587 1775 602 1813 a
615 1757 731 1813 fortuitis
744 1757 786 1812 vel
800 1757 966 1814 naturalibus

181 1836 280 1900 caussis
300 1837 328 1892 in
342 1834 500 1910 prodigium
516 1841 542 1888 et
554 1849 633 1888 omen
647 1832 837 1887 inminentium
851 1831 967 1887 cladium

179 1907 326 1966 venabatur.

228 1985 266 2039 87.
287 1984 365 2051 Otho,
383 1983 492 2040 lustrata
506 1983 581 2050 urhe,
597 1991 622 2038 at
631 1981 757 2053 expensis
766 1978 830 2034 belli
838 1978 967 2044 consiliis,

182 2057 276 2124 quando
288 2061 406 2116 Peninae
419 2059 571 2131 Cottiaeque
585 2058 667 2130 Alpes
684 2065 710 2112 et
726 2055 805 2110 ceteri
820 2053 968 2110 Galliarum

183 2129 258 2187 aditus
266 2134 415 2191 Vitellianis
426 2135 586 2190 exercitibus
596 2132 798 2196 claudebantur,
812 2130 969 2186 Narbonen-

184 2220 232 2260 sem
245 2207 357 2266 Galliam
373 2209 480 2283 adgredi
490 2209 594 2276 statuit3
616 2209 701 2263 classe
709 2205 799 2262 valida
812 2213 838 2260 et
846 2204 968 2277 partibus

184 2277 235 2345 fida,
254 2285 324 2355 quod
338 2284 457 2356 reliquos
471 2301 607 2340 caesorum
622 2283 657 2337 ad
669 2290 776 2354 pontem
788 2279 923 2345 illirium,
943 2289 969 2336 et

185 2357 385 2416 saavideGalhaa
394 2361 422 2414 in
432 2359 579 2415 custodiam
589 2357 738 2421 habitos,in
750 2371 876 2410 numeros
887 2354 969 2428 legio·

185 2429 220 2482 tis
237 2442 430 2506 composuerat3
456 2434 522 2489 lacta
542 2441 567 2488 ct
582 2433 675 2487 ceteris
689 2447 738 2504 spa
752 2431 926 2486 honoratioris
939 2432 969 2485 in

184 2513 306 2571 posterum
316 2509 437 2564 militiae.
477 2507 586 2563 Addidit
600 2507 680 2563 classi
689 2506 806 2562 urbanas
816 2505 936 2561 cohortes
944 2513 970 2560 et

185 2576 335 2662 plerosquee
344 2583 605 2656 praetorianis,vires
615 2580 881 2645 etrohurexercitus,
890 2587 969 2652 atque

185 2654 243 2721 1psia
255 2657 368 2714 ducibus
377 2657 519 2715 consilium
534 2665 560 2713 et
568 2658 700 2713 custodes.
740 2655 852 2711 Summe
861 2655 970 2726 expedi-

186 2724 254 2784 tionis
266 2731 378 2790 Antonio
391 2733 512 2799 Novello,
528 2731 625 2790 Suedio
639 2730 781 2795 Clementi,
796 2729 970 2804 primipilari-

187 2796 239 2868 bus,
253 2805 362 2864 Aemilio
371 2808 491 2874 Pacensi,
507 2808 552 2863 cui
565 2807 720 2883 ademptum
730 2823 746 2860 a
756 2804 841 2860 Galba
851 2804 970 2860 tribuna-

187 2879 237 2930 tum
249 2882 401 2950 reddiderat,
417 2883 558 2955 permissa.
598 2881 698 2938 Curam
711 2879 823 2934 narium
836 2876 923 2933 Oscus
937 2875 971 2930 li-

188 2944 267 3012 bertae
280 2957 415 3025 retinebat,
431 2957 464 3023 ad
478 2955 671 3013 observandam
689 2954 872 3009 honestiorum
891 2949 971 3002 iidem
