2559 3692
186 471 247 509 με.
263 453 311 525 ro.)
394 463 473 508 nrn.
492 463 528 508 rr„
549 463 638 509 cnr.
661 465 781 509 ro-zr.
951 459 985 513 69

184 571 269 618 enies.
299 560 409 618 Soiidati
419 565 500 629 muri,
511 564 711 637 propugnacula
721 563 819 627 addita,
830 572 921 619 auctae
928 573 987 619 tur·

182 655 235 702 res,
247 638 510 710 provisa-parataque
519 656 572 694 non
583 655 656 694 arma
666 638 754 703 modo,
769 637 817 693 sed
825 637 985 711 obsequium
1034 705 1038 713 Ι

182 711 331 784 separandi
341 729 429 782 amor;
448 713 520 786 quod
529 711 617 769 solum
626 712 683 768 iliis
691 713 814 785 partibus
823 711 918 780 defuit,
924 728 986 768 oum
1001 751 1005 758 ·

179 787 292 842 rimatis
302 785 376 842 haud
383 789 537 859 poeniteret.

237 863 283 917 20.
304 860 337 916 rit
350 860 472 927 Caenina,
483 861 559 917 velut
572 861 662 917 relicta
675 871 737 933 post
745 860 827 933 Aipea
837 861 948 916 neritia
956 877 987 916 ao

180 935 301 1002 lieentia,
316 935 435 994 modesto
448 937 555 1011 agmina
569 953 617 1009 per
631 935 732 992 italiam
742 937 860 991 inoessii.
900 933 987 990 Orna-

180 1019 242 1066 tum
256 1011 346 1083 ipsius
360 1012 508 1083 municipia
522 1019 547 1066 ei
561 1012 678 1078 ooioniae
690 1013 720 1066 in
733 1011 888 1083 superbiam
897 1010 986 1065 trahe·

180 1087 258 1152 bant,
274 1086 348 1159 quod
356 1086 514 1142 versioolore
523 1086 627 1160 sagulo,
644 1087 760 1152 braooas,
774 1085 918 1140 barbarum
928 1092 986 1159 tag-

180 1179 258 1226 men,
273 1157 395 1227 indutus,
406 1168 506 1236 ugnos
516 1161 711 1234 adloqueretur.
751 1160 866 1216 Uxorem
875 1176 985 1233 quoque

181 1237 254 1301 eius,
266 1234 430 1302 Saloninam,
445 1253 611 1309 quamquam
625 1237 655 1291 in
667 1234 769 1291 nuliius
778 1235 906 1291 iniuriam
916 1236 986 1290 insi·

180 1310 229 1385 gni
240 1327 313 1384 equo
323 1319 448 1384 ostroque
457 1310 606 1377 veheretur,
613 1318 752 1383 tamqnam
761 1309 827 1365 iussi
835 1309 984 1383 paraban-

181 1397 242 1441 tur:
265 1385 344 1440 insita
354 1385 511 1442 mortalibus
522 1393 624 1451 natura,
636 1392 768 1447 reoentem
777 1384 889 1440 aliorum
900 1383 985 1440 feiini·

181 1470 266 1516 tatem
280 1461 367 1534 aegris
376 1460 461 1518 oeulis
471 1461 653 1534 introspicere,
666 1458 831 1532 modumque
840 1457 984 1516 fortunaea
1105 1537 1108 1541 1

181 1535 270 1591 nuliis
288 1536 376 1610 magis
397 1537 517 1610 exigere,
541 1553 624 1610 quam
643 1552 712 1608 quos
729 1535 759 1590 in
779 1551 865 1606 aequo
882 1534 982 1589 videre.

181 1609 308 1676 Caenina,
329 1609 431 1666 Padum
450 1618 644 1688 transgressus,
664 1617 761 1666 tentata
773 1607 985 1665 Othonianorum

182 1685 236 1740 fide
250 1703 298 1757 por
312 1685 485 1758 oonioquium
499 1693 524 1740 at
533 1686 675 1758 promissa,
686 1683 782 1741 iisdem
791 1684 900 1756 petitus,
912 1692 986 1755 post·

181 1777 268 1834 quam
287 1775 342 1832 pax
354 1767 381 1816 et
393 1760 531 1816 eoncordia
546 1760 675 1833 speciosis
687 1767 713 1813 et
727 1759 815 1819 inritis
829 1758 985 1814 nominibus

178 1837 278 1892 iactata
293 1843 365 1901 sunt,
382 1835 493 1891 oonsilio
507 1851 640 1907 curesque
654 1835 684 1889 in
693 1832 917 1907 oppugnationem
928 1833 986 1887 Pla-

182 1911 286 1966 oentiea
306 1927 404 1984 magno
421 1919 520 1966 terrore
537 1911 629 1966 vertit:
653 1925 765 1983 gnome,
784 1917 816 1964 ut
832 1905 909 1961 initi·
922 1906 986 1962 belii

181 1986 381 2059 provenissent,
393 1983 491 2041 famam
500 1986 529 2040 in
540 1993 624 2041 uetera
634 1984 698 2040 iore.

239 2064 284 2118 21.
305 2060 357 2116 Sed
371 2062 477 2132 primus
489 2061 548 2117 dies
562 2061 657 2133 inpetu
667 2059 765 2133 magis,
776 2073 860 2130 wem
869 2057 986 2112 morani

182 2136 318 2208 areroitus
329 2135 440 2191 artibus.
453 2143 614 2191 transactus:
635 2135 719 2208 aperti
731 2132 886 2205 inoautique
894 2147 987 2187 muros

183 2210 304 2275 subiere,
323 2210 519 2284 oibo.vinoque
538 2226 706 2284 praegraves.
745 2209 776 2263 ln
796 2224 827 2263 eo
843 2208 987 2262 aeramina

141 2283 143 2288 ’
182 2283 401 2358 pulcherrimum
415 2285 602 2357 amphitheatri
616 2301 694 2356 opus,
707 2283 791 2338 situm
800 2291 873 2338 extra
882 2299 985 2347 muros,

184 2359 372 2434 oonflagravit:
394 2360 451 2415 sive
462 2360 497 2415 ab
510 2359 739 2433 oppugnatoribus
752 2358 904 2425 incensum,
919 2356 986 2412 dum

184 2435 256 2490 ianas
266 2442 293 2489 et
301 2433 412 2508 glandes
422 2451 453 2490 ao
461 2434 593 2490 missilem
603 2436 694 2508 ignem
704 2435 732 2488 in
740 2431 988 2488 obsessoeiaoulan-

184 2519 244 2578 tur3
264 2510 325 2565 sive
334 2509 369 2565 ab
378 2509 505 2576 obsessis,
517 2510 583 2565 dum
592 2507 706 2564 retoria‘
811 2516 832 2563 t.
871 2507 988 2563 Manioi-

184 2583 362 2659 paievulgus‚
371 2601 486 2656 pronum
497 2585 530 2640 ad
539 2585 716 2656 suspiciones,
762 2580 906 2638 udoinleta
914 2581 987 2656 ignis

185 2658 314 2714 alimania
327 2659 440 2716 credidit
454 2656 643 2733 a'quibusdam
654 2657 775 2714 asininis
785 2656 904 2722 coloniis,
915 2657 989 2724 inri-

185 2734 231 2789 dia
245 2742 272 2790 et
285 2733 469 2800 aemulatione,
485 2735 558 2808 quod
573 2733 648 2790 nulia
662 2730 774 2788 initalia
786 2731 871 2787 moles
880 2740 935 2786 tam
944 2747 989 2785 oa·

186 2808 326 2881 paxioret.
356 2809 523 2882 Quocunque
531 2808 709 2874 oasuaoaidit,
719 2807 786 2863 dam
796 2806 921 2861 atrociora
931 2821 989 2860 me-

186 2885 342 2948 tuebantur,
361 2885 390 2940 in
407 2884 459 2940 levi
474 2884 610 2940 habitum:
635 2882 736 2937 rddita
750 2882 898 2945 munitate,
920 2887 989 2933 tam-

188 2975 272 3033 quam
283 2958 352 3014 nihii
362 2960 472 3034 gravium
482 2959 536 3032 pati
546 2957 705 3036 potuissent,
715 2953 878 3010 moerebant.
914 2951 989 3006 Cete-
