2559 3692
381 454 586 537 niuuoous.
611 470 691 519 cun.
711 469 738 515 a.
759 469 783 516 a.
934 466 984 519 305

180 570 356 632 suetudinem
370 570 501 627 vomisset.
531 570 607 625 'Nam
625 582 678 624 ¹nec
690 576 720 625 tu
734 571 833 645 agitare
843 572 985 645 etinsequi

179 646 452 723 poetas'iutemuittis,
474 652 500 700 et
512 641 570 719 ego,
590 644 634 699 cui
644 644 773 699 desidiam
784 645 985 702 advocationum

180 723 289 788 obiicis,
304 718 492 794 quotidianum
504 719 555 775 hoc
563 719 741 791 patrocinium
750 718 930 775 defendendae
939 722 986 775 ad-

180 815 280 855 versus
291 796 569 867 ⁸tupocticueexenceo.
599 793 660 860 Quo
668 792 749 849 lactor
757 795 855 869 papis,
866 794 985 851 oblatum

181 871 404 936 nobis‘iudicem,
420 871 469 943 qni
483 886 528 925 me
536 868 578 925 vel
592 868 753 925 infuturum
762 878 833 926 vetet
841 886 937 926 versus
947 870 987 925 fa-

181 950 253 1013 cero,
265 945 402 1018 vel,‘quod
411 945 465 1001 iam
475 944 659 1017 pridemopto,
669 961 719 999 sua
728 960 837 1017 quoquc
846 941 987 1001 auctorita·

181 1034 211 1078 te
220 1020 369 1097 compellat,
377 1020 532 1087 ut,omissis
542 1018 689 1077 forensium
698 1035 855 1076 caussarum
865 1020 987 1095 angusti-

182 1099 220 1163 is,
231 1096 372 1169 inquibus
382 1096 446 1151 satis
456 1094 525 1151 mihi
535 1110 671 1167 superque
680 1094 806 1150 sudatum
816 1104 865 1162 ml,
872 1087 987 1154 sanctio-

183 1170 557 1245 remistumetaugustiorcm
570 1169 748 1241 eloquentiam
757 1170 853 1227 colam.
947 1182 950 1187 ·

241 1250 269 1302 t.
288 1246 429 1320 Egovero,
443 1245 532 1317 inquit
542 1244 691 1310 Secundus,
707 1253 850 1317 antequam
860 1244 987 1301 meludi-

184 1328 247 1379 oem
258 1320 450 1391 Apetrecuset,
467 1319 572 1385 luciam,
588 1318 662 1391 quod
670 1314 747 1390 piolii
757 1328 783 1373 et
791 1320 903 1375 modesti
912 1320 986 1376 iudi-

184 1414 233 1453 ces
244 1394 337 1457 solent,
349 1403 380 1451 ut
391 1397 420 1451 in
430 1395 474 1450 his
536 1394 683 1450 uitionibus
696 1410 727 1448 se
735 1402 871 1461 excusent,
882 1396 911 1450 in
922 1396 986 1469 qui-

185 1474 242 1528 bus
260 1470 430 1526 manifestum
445 1476 485 1526 est
503 1477 611 1545 ntorum
630 1468 702 1541 apud
720 1485 765 1524 eoa
783 1479 884 1541 partem
901 1472 986 1544 gratia

184 1545 349 1621 praevalere.
385 1544 453 1613 Quis
461 1546 534 1601 enim
546 1545 639 1609 nescit,
651 1544 787 1599 neminem
797 1544 865 1600 mihi
874 1547 987 1600 coniun-

185 1624 297 1679 ctiorem
307 1637 365 1676 esse
375 1628 401 1676 et
409 1638 463 1676 usu
473 1620 604 1675 amicitiae
613 1627 638 1674 et
647 1618 985 1685 adsiduitatecontubernii,
1025 1640 1039 1649 ·

186 1714 272 1770 quum
282 1696 399 1752 Saleium
409 1696 532 1761 Bassum,
543 1712 604 1750 cum
614 1694 747 1766 optimum
756 1694 930 1770 virum,·tum
940 1695 988 1749 ab·

186 1772 386 1828 solutissimum
395 1769 517 1842 poetam
535 1768 988 1843 Porro,sipoeticaadcusutur,uon

186 1848 275 1903 alium
284 1846 363 1901 video
371 1862 448 1901 reum
460 1845 668 1918 locupletiorem.

243 1921 360 1979 Securus
368 1921 411 1988 sit,
426 1921 516 1995 inquit
524 1919 605 1994 Aper.
622 1927 647 1976 et
656 1918 759 1976 Saleius
768 1920 868 1975 Bassus
877 1927 903 1974 et
912 1919 990 1991 quis-

186 1999 253 2072 quis
262 1997 332 2053 alius
341 1996 462 2053 studium
471 1998 622 2070 poeticneet
632 1992 987 2070 carminumgloriumlouet,

187 2090 253 2129 cum
272 2090 380 2128 caussas
395 2088 472 2146 agera
485 2090 539 2128 non
551 2072 646 2145 possit.
684 2072 835 2145 Egoenim,
856 2075 989 2142 quatenus

186 2149 322 2205 arbitrum
336 2148 390 2203 litis
404 2149 487 2204 huius
501 2148 603 2213 inveni,
617 2148 776 2218 nonpatlar,
786 2146 936 2201 Maternum
945 2161 990 2200 so-
1014 2185 1016 2188 -

181 2224 282 2283 ,ciente
299 2222 419 2295 plurium
438 2222 562 2287 defendis
584 2222 632 2277 sed
646 2222 737 2293 ipsum
751 2220 840 2277 solum
855 2218 926 2291 apud
940 2236 989 2278 voa

187 2310 311 2373 arguam,
322 2298 396 2371 quod
405 2304 483 2355 natus
494 2298 528 2353 ad
537 2296 716 2370 eloquentium
723 2296 832 2352 virilem
845 2302 870 2350 et
879 2294 990 2351 oratori⁴

188 2392 243 2439 am,
256 2389 310 2445 qua
319 2390 412 2446 parere
422 2372 504 2429 simul
515 2380 541 2429 et
554 2372 622 2428 tueri
631 2372 773 2437 amicitias,
785 2370 932 2426 adsciscere
937 2386 990 2423 na-

186 2450 284 2515 tiones,
306 2448 443 2520 complecti
453 2448 613 2521 provincias,
631 2454 729 2519 posset,
749 2448 847 2507 omittit
857 2445 988 2510 studium,

188 2540 244 2597 quo
258 2540 311 2579 non
325 2522 399 2579 aliud
411 2525 440 2579 iu
455 2525 560 2580 ciuitate
573 2521 717 2579 nostrovel
729 2522 764 2586 ud
776 2521 917 2577 utilitatem
933 2518 991 2574 iru-

188 2599 320 2665 onustus,
340 2598 430 2654 uelud
448 2600 602 2674 dignitatem
617 2596 744 2670 amplius,
765 2596 809 2652 vel
822 2596 857 2651 ad
865 2593 991 2651 urbisin-

188 2690 263 2729 mam
282 2673 433 2745 pulchrius,
456 2674 496 2731 vel
510 2674 544 2729 ad
558 2675 639 2746 totitas
652 2673 761 2745 imperii
774 2680 854 2745 atque
867 2670 990 2736 omnium

188 2749 312 2823 gentium
322 2744 443 2804 tiotitiam'
451 2749 594 2806 inlustrius
604 2748 747 2823 excogitari
755 2756 851 2820 potest.
874 2746 954 2809 Num,
966 2744 991 2798 θὶ

188 2824 223 2879 ad
237 2822 378 2879 utilitatem
394 2825 464 2880 vitae
476 2826 567 2880 omnia
579 2824 689 2879 consilia
698 2822 819 2895 iactaque
827 2829 916 2877 nostra
925 2818 991 2873 dini·

189 2898 277 2973 geuda
286 2904 360 2965 suut,
371 2899 489 2973 quidest
497 2900 594 2964 tutius,
604 2916 688 2971 quam
695 2914 756 2955 eam
767 2912 888 2952 exercere
896 2902 989 2957 auem,

189 2990 364 3101 qupsempor
373 2976 491 3033 armatus
501 2972 665 3049 praesidium
675 2974 785 3101 amicis&
796 2987 874 3043 opem
885 2968 990 3034 alienis,

253 3058 338 3105 tetrus
356 3050 390 3105 ll.
