2559 3692
172 447 278 522 nnn.)
372 457 452 504 mn.
472 459 491 503 1.
512 459 602 506 cns.
624 459 668 506 ss.
690 459 729 504 sc.
920 455 949 506 tt

171 561 240 622 labat,
258 566 288 612 nt
305 561 388 614 mnltc
407 565 482 614 etiam
500 565 662 615 centuriones
676 561 843 628 tribunosque
855 568 955 613 monem

171 637 244 688 iuberi
258 637 387 700 expediat.
426 634 463 697 st,
483 638 528 690 ubi
541 637 689 697 iubeantur,
709 637 956 703 cuceremeinculis

171 711 734 778 licect‚pereunteobsequiaetinmimperium
742 711 884 762 intercidit.
915 709 956 762 An

170 791 189 837 et
200 785 250 837 illic
261 791 334 837 nacte
347 793 498 852 intempesta
509 789 649 854 rapientur
660 781 758 838 crosa?
776 798 846 838 unus
858 785 956 847 citeros

168 861 309 925 perdituscc
320 857 566 931 temulentus(neque
575 863 643 913 enim
650 861 742 927 plures
750 861 957 913 contumatiam

171 937 277 998 precinc
294 937 423 988 inseruisse
442 931 605 1006 crediderim)
628 938 788 988 centurionis
805 949 839 988 cc
857 935 958 986 tribuni

172 1011 280 1136 conquirere
293 1025 386 1063 monus
399 1006 507 1063 inbuet?
531 1011 698 1078 imperatorie
708 1013 752 1063 ent
762 1011 902 1062 tentorium
912 1010 957 1060 in-

172 1091 255 1150 rumpet

215 1158 253 1211 ii.
276 1157 324 1212 Vas
333 1161 635 1226 quidemistudprome:
653 1161 957 1211 cecindiecursuccte·

172 1233 244 1286 nebris
256 1240 279 1286 el
291 1247 380 1287 rerum
394 1238 508 1287 amnium
521 1236 670 1301 confusione
675 1235 795 1301 punitori
807 1236 909 1286 cocceio
918 1240 958 1285 et-

171 1310 216 1359 iam
228 1310 347 1362 cicerone
359 1325 400 1361 me
411 1316 503 1376 potest.
542 1306 573 1362 Si
586 1308 725 1374 Vitelliopt
736 1309 892 1361 retentetur
900 1311 957 1360 eice

172 1383 266 1450 elipsndi
274 1386 388 1452 (ocultus
398 1387 484 1446 detur,
493 1399 566 1452 quem
574 1385 649 1436 nobie
657 1387 957 1451 animumqucementee

172 1459 327 1523 inprecmtur,
338 1461 404 1527 quid
413 1460 495 1520 uliud,
507 1461 745 1526 quamseditionem
755 1465 780 1510 et
788 1460 955 1518 discordiam,
1008 1462 1011 1468 '

172 1535 286 1598 aptabunt,
301 1551 333 1587 ne
345 1535 423 1587 miles
432 1537 585 1595 centurioni,
601 1549 633 1586 ne
643 1535 760 1586 centurio
772 1535 877 1585 tribuna
885 1533 958 1585 obse·

173 1615 268 1675 nuatum·
286 1611 345 1663 linc
360 1611 463 1677 earrprei
470 1611 570 1676 pedites
579 1611 727 1676 equitesque
735 1612 764 1660 in
772 1611 958 1661 miummrc·

172 1679 236 1734 nus?
253 1683 367 1738 Ponenda
379 1685 476 1752 patius,
491 1684 682 1744 commilitones,
697 1699 776 1750 quom
787 1685 898 1750 imperic
907 1684 958 1734 du·

174 1771 221 1808 eun
231 1761 393 1821 sciscitando,
409 1775 452 1812 res
465 1759 595 1811 militares
610 1760 788 1823 continentur,·
811 1764 835 1809 et
844 1758 958 1824 {artissi-

173 1845 220 1884 mus
230 1835 256 1887 in
268 1837 322 1901 ipsa
330 1837 483 1890 discrimine
492 1833 624 1886 cennens
634 1838 680 1894 est,
693 1833 740 1898 aui
747 1837 808 1883 cete
819 1834 959 1883 discrimen

174 1909 336 1971 quietissimus.
369 1905 732 1963 Vobiecrnroetcnimueeit:
751 1907 815 1958 milri
825 1906 960 1958 consilium

175 1983 406 2038 eteirtntisoeetrae
419 1984 687 2051 repimenrelinquite.
726 1979 873 2034 Paucorum
882 1981 960 2046 oulpc

174 2055 222 2120 tuit,
231 2060 335 2112 tucrum
341 2075 427 2129 paerm
436 2063 502 2113 erit:
512 2060 590 2112 ceteri
599 2059 698 2110 abolete
705 2058 855 2109 monoricm
863 2057 960 2123 {ordin

175 2131 343 2188 simcenoctis:
360 2147 407 2188 nec
417 2135 612 2188 illcsadosrsue
621 2132 959 2185 sanctumoacesullneun·

176 2217 240 2269 prom
248 2213 377 2263 coercitus
386 2211 485 2262 audiet.
502 2206 585 2276 Caput
594 2210 697 2276 empemr
707 2215 732 2260 et
740 2208 837 2260 ritcarc
845 2209 959 2260 menium

174 2285 352 2342 nonnionem
371 2287 407 2337 ad
423 2299 532 2350 pontum
549 2297 645 2336 oaecre
661 2298 715 2335 nan
728 2283 814 2335 hercle
825 2283 879 2344 illi,
895 2296 959 2349 quae

178 2363 330 2412 nnncctne
343 2359 460 2412 Vitellius
469 2361 553 2412 innae
562 2361 620 2420 ciet,
633 2355 759 2410 Germani
767 2359 888 2410 audeant.
912 2354 959 2408 lll-

178 2426 219 2481 liue
226 2431 314 2487 Italiae
323 2435 432 2496 alumni,
442 2441 468 2486 et
479 2433 594 2486 mmcnc
603 2448 663 2486 cere
670 2435 797 2494 iuuentus,
805 2434 841 2485 cri
849 2433 959 2497 eanoni-

177 2515 223 2556 nen
231 2514 253 2560 et
263 2512 362 2562 caedem
371 2511 564 2576 depoposcerint
573 2511 696 2569 mninstro,
708 2508 926 2573 mnueeplencare
934 2511 959 2556 et

178 2577 249 2641 ilitio
269 2587 357 2637 sordes
379 2591 403 2636 et
424 2586 606 2636 obscuritatem
626 2581 825 2635 Vitellianorum
841 2583 958 2648 partium

177 2656 393 2726 nuntrirryimus?
416 2658 540 2712 Nationes
558 2660 665 2726 aliquae
679 2660 815 2725 occupavit
833 2655 956 2717 Vitellius,

179 2727 298 2796 immitem
312 2737 442 2802 quandum
456 2736 588 2786 exercitus
601 2735 689 2788 lrcbet:
707 2739 814 2786 eeruclue
826 2732 957 2784 nabircmn

180 2808 216 2854 est.
248 2803 340 2876 Sistit,
355 2816 385 2862 ut
397 2810 456 2862 tino
470 2809 625 2875 respublica,
640 2810 701 2860 inde
709 2809 793 2860 nastes
800 2806 959 2872 reipublicae

181 2883 329 2937 institerint.
368 2879 456 2948 Quid?
473 2881 959 2950 aaspnlcleamimamlrcncurbemrlo
994 2902 998 2911 ,

181 2953 249 3008 nibus
257 2965 280 3010 n
290 2963 361 3014 tectis
373 2967 397 3012 et
407 2965 526 3026 cuncto
536 2960 653 3024 lapidum
660 2964 731 3079 stcrff
738 2949 866 3082 gelius?
884 2950 960 3004 Muto
