2559 3692
177 489 201 524 t.
215 466 302 541 uto.)
388 475 467 522 nna
485 475 505 522 ι
525 475 616 524 car.
637 475 761 521 at-as.
947 470 980 525 tt

231 579 275 631 il.
297 574 485 649 Flagrantibus
503 576 558 630 iam
573 574 691 630 militum
706 575 807 630 animia
820 575 895 632 velut
910 576 980 634 laesa

175 651 314 707 addiderat
333 651 454 704 Maevius
467 649 584 715 Pudens,
604 650 764 721 eproximis
780 650 915 724 Tigellini.
954 654 980 709 la

176 725 391 782 mobilissimum
410 739 547 797 quemque
563 725 681 798 ingenio,
697 733 744 780 aut
760 726 892 797 pecuniae
909 726 982 782 indi·

174 818 253 876 gum,
265 800 331 855 etin
341 815 424 872 novas
432 797 590 880 cupiditates
599 800 771 871 praeeipitem
780 799 939 866 adliciendo,
950 819 982 858 eo

176 874 317 947 paullatim
327 890 486 948 progressus
496 881 544 939 eat,
554 882 584 929 ut
592 890 640 946 per
651 876 768 945 speeiem
777 876 982 947 nuntiumque·

179 952 247 1005 tiens
256 949 342 1006 Galba
352 948 426 1021 apud
434 947 565 1004 Othonem
574 948 736 1020 epularetur,
743 950 843 1006 eohorti
851 951 981 1006 excubias

179 1026 266 1098 agenti
276 1025 379 1079 viritim
389 1029 512 1078 esntenos
522 1027 649 1078 nummos
657 1023 802 1079 divideret:
812 1042 896 1097 quam
907 1025 981 1098 yelut

178 1099 315 1172 publicam
326 1098 492 1172 largitionem
502 1097 571 1154 Otho
580 1099 767 1154 secretioribus
777 1099 849 1171 apud
857 1098 981 1174 singulos

158 1201 163 1212 ·
177 1174 306 1247 praemiis
316 1173 480 1241 intendebat3
501 1173 566 1229 adeo
575 1174 714 1228 animosus
722 1172 869 1245 corruptor,
880 1175 981 1231 utCoo·

176 1251 234 1305 osio
253 1247 371 1304 Proculo·
384 1247 551 1320 speculatori,
572 1246 606 1302 de
618 1256 694 1319 parte
707 1248 804 1304 linium
817 1265 879 1304 eum
889 1251 980 1306 vicino

176 1324 335 1398 ambigenti,
350 1324 510 1378 universum
524 1323 608 1379 vieini
620 1337 727 1396 agrum,
738 1340 788 1378 sua
800 1327 913 1396 pecunia
922 1343 980 1381 em-

177 1408 266 1471 ptum,
287 1398 356 1454 dono
371 1397 488 1469 dederit:
513 1413 561 1469 per
579 1397 727 1453 soeordiam
737 1398 881 1470 praelecti,
896 1417 979 1472 quem

177 1483 239 1530 nota
249 1474 349 1545 pariter
357 1481 383 1528 et
391 1471 493 1528 occulta
502 1471 636 1528 fallebant.

224 1552 276 1604 ¹25.
296 1545 349 1604 Sed
367 1557 425 1603 tum
444 1565 460 1602 e
479 1547 581 1603 libertis
596 1545 773 1604 Onomastum
786 1548 979 1605 futurosoeleri

176 1622 312 1695 praeleoit,
333 1639 348 1677 a
362 1639 417 1696 quo
430 1623 557 1678 Barbium
571 1622 725 1688 Proculum,
738 1626 909 1680 haemulum
918 1641 981 1696 spe·

175 1698 337 1762 celatorum,
353 1706 379 1752 et
392 1698 544 1762 Veturium,
559 1697 693 1768 optionem
707 1698 866 1764 eorundem,
881 1700 995 1778 perdu·‚

175 1783 242 1838 ctos,
258 1781 402 1845 postquam
418 1773 493 1828 vario
506 1787 629 1827 sermone
641 1771 751 1828 callidos
760 1774 927 1846 audaoesque
935 1791 981 1830 oo·

173 1849 279 1924 guerit,
291 1849 375 1920 pretio
385 1856 411 1902 et
420 1847 562 1919 promissis
571 1854 671 1912 onerat,
683 1846 743 1902 data
753 1849 866 1918 pecunia
876 1849 910 1902 ad
919 1865 981 1921 per-

174 1923 315 1981 tentandos
325 1922 447 1994 plurium
457 1924 570 1977 animoa.
610 1920 982 1994 Susoepereduomauipula·

173 2015 217 2056 res
228 1999 376 2072 imperium
386 1995 479 2070 populi
488 1998 565 2053 Rom.
579 1996 809 2061 transferendum}
829 2005 981 2053 attranstu-

174 2075 275 2130 lerunt.
315 2073 346 2128 ln
356 2073 543 2128 eonscientiam
559 2071 683 2128 facinoris
695 2074 775 2145 pauci
784 2072 888 2128 adsoiti.
928 2072 981 2129 Su-

173 2165 290 2222 spensus
304 2156 451 2204 oeterorum
465 2149 569 2203 animos
582 2148 698 2203 diversis
711 2147 814 2204 artibm
824 2147 978 2205 stimulant:

173 2225 308 2298 primores
326 2223 454 2288 militum,
470 2239 518 2295 per
531 2223 659 2279 beneficia
672 2223 832 2297 Nymphidii
842 2231 875 2279 ut
883 2240 980 2295 auspe-

173 2310 246 2356 ctos:
263 2297 365 2372 vulgus
376 2305 402 2352 et
410 2299 564 2368 catenesiae
575 2306 600 2353 et
607 2298 790 2372 desperatione
798 2297 874 2354 dilati
883 2301 980 2354 totiena

173 2374 306 2430 donativi.
334 2373 425 2438 Erant,
437 2389 505 2446 quos
515 2374 644 2429 memoria
654 2374 767 2430 Neronis
775 2390 807 2428 ao
814 2373 978 2429 desiderium
993 2372 997 2381 '

175 2450 275 2520 prioria
286 2447 408 2503 licentiae
419 2448 579 2504 aoeenderet.
610 2449 640 2504 ln
651 2462 794 2504 commuue
801 2465 896 2504 omnes
904 2458 979 2504 metu

175 2523 321 2580 mutandae
331 2523 441 2578 militiae
450 2524 623 2580 terrebantur.

231 2603 275 2654 26.
298 2597 979 2672 luleeiteatabeslegionumquoqueetauxiliorum

178 2682 263 2730 motas
281 2674 336 2728 iam
356 2682 468 2739 mentes,
488 2683 631 2746 postquam
645 2673 786 2748 vulgatum
806 2680 870 2737 erat,
891 2673 980 2730 labare

178 2749 331 2804 Germanioi
342 2747 573 2804 exercitusfidem.
605 2748 733 2820 Adeoque
740 2757 830 2820 parata
840 2749 913 2820 apud
922 2766 980 2805 ma-

178 2824 217 2880 los
236 2823 342 2888 seditio,
363 2824 443 2877 etiam
462 2823 534 2894 apud
551 2826 668 2897 integros
682 2823 861 2886 dissimulatio
875 2822 935 2887 tuit,
950 2829 981 2877 ut

179 2907 283 2970 postero
296 2898 395 2954 Iduum
409 2897 453 2952 die
466 2898 620 2953 redeuntem
632 2915 648 2952 a
658 2915 738 2953 ooena
748 2897 879 2953 Othonem
888 2904 981 2966 raptu-

181 2973 204 3026 ri
217 2973 325 3038 luerint,
340 2973 395 3102 alisi
409 2974 508 3028 ineerta
522 2973 618 3039 noetis,
632 2980 718 3028 ettota
729 2972 796 3099 urllpe
805 2984 898 3042 sparsa
908 2969 981 3022 mili-

218 3049 326 3105 'l'actrus
342 3049 375 3104 l.
