<?xml version="1.0" encoding="UTF-8"?>
<!DOCTYPE html PUBLIC "-//W3C//DTD XHTML 1.0 Transitional//EN"
    "http://www.w3.org/TR/xhtml1/DTD/xhtml1-transitional.dtd">
<html xmlns="http://www.w3.org/1999/xhtml" xml:lang="en" lang="en">
 <head>
  <title>
</title>
<meta http-equiv="Content-Type" content="text/html;charset=utf-8" />
  <meta name='ocr-system' content='tesseract 3.04.00' />
  <meta name='ocr-capabilities' content='ocr_page ocr_carea ocr_par ocr_line ocrx_word'/>
</head>
<body>
  <div class='ocr_page' id='page_1' title='image "./operaquoadextan01tacigoog_0049.png"; bbox 0 0 2559 3692; ppageno 0'>
   <div class='ocr_carea' id='block_1_1' title="bbox 185 431 987 506">
    <p class='ocr_par' dir='ltr' id='par_1_1' title="bbox 185 431 987 506">
     <span class='ocr_line' id='line_1_1' title="bbox 185 431 987 506; baseline 0.006 -19"><span class='ocrx_word' id='word_1_1' title='bbox 185 449 249 488; x_wconf 69' lang='lat' dir='ltr'><strong>nc.</strong></span> <span class='ocrx_word' id='word_1_2' title='bbox 263 431 309 506; x_wconf 85' lang='lat' dir='ltr'><strong>m.)</strong></span> <span class='ocrx_word' id='word_1_3' title='bbox 401 441 481 487; x_wconf 79' lang='lat' dir='ltr'><strong>nra.</strong></span> <span class='ocrx_word' id='word_1_4' title='bbox 500 441 629 488; x_wconf 71' lang='lat' dir='ltr'><strong>sunm</strong></span> <span class='ocrx_word' id='word_1_5' title='bbox 650 441 771 488; x_wconf 72' lang='lat' dir='ltr'><strong>‘ts—ss.</strong></span> <span class='ocrx_word' id='word_1_6' title='bbox 954 438 987 492; x_wconf 80' lang='lat' dir='ltr'><strong>ts</strong></span> 
     </span>
    </p>
   </div>
   <div class='ocr_carea' id='block_1_2' title="bbox 161 539 1009 3007">
    <p class='ocr_par' dir='ltr' id='par_1_2' title="bbox 161 539 994 1799">
     <span class='ocr_line' id='line_1_2' title="bbox 161 539 988 612; baseline 0.006 -17"><span class='ocrx_word' id='word_1_7' title='bbox 161 554 166 562; x_wconf 88' lang='lat'><strong>·</strong></span> <span class='ocrx_word' id='word_1_8' title='bbox 184 541 307 606; x_wconf 79' lang='lat' dir='ltr'><strong>infestae,</strong></span> <span class='ocrx_word' id='word_1_9' title='bbox 329 540 363 596; x_wconf 89' lang='lat' dir='ltr'><strong>ah</strong></span> <span class='ocrx_word' id='word_1_10' title='bbox 377 539 480 606; x_wconf 85' lang='lat' dir='ltr'><strong>Othone</strong></span> <span class='ocrx_word' id='word_1_11' title='bbox 493 540 527 596; x_wconf 86' lang='lat' dir='ltr'><strong>ud</strong></span> <span class='ocrx_word' id='word_1_12' title='bbox 538 540 676 596; x_wconf 85' lang='lat' dir='ltr'><strong>Vitellium</strong></span> <span class='ocrx_word' id='word_1_13' title='bbox 691 541 826 612; x_wconf 74' lang='lat' dir='ltr'><strong>epistolae,</strong></span> <span class='ocrx_word' id='word_1_14' title='bbox 845 541 988 600; x_wconf 78' lang='lat' dir='ltr'><strong>offerebant</strong></span> 
     </span>
     <span class='ocr_line' id='line_1_3' title="bbox 181 620 988 686; baseline 0 -14"><span class='ocrx_word' id='word_1_15' title='bbox 181 621 322 684; x_wconf 73' lang='lat' dir='ltr'><strong>pecuniam</strong></span> <span class='ocrx_word' id='word_1_16' title='bbox 337 625 362 670; x_wconf 90' lang='lat' dir='ltr'><strong>et</strong></span> <span class='ocrx_word' id='word_1_17' title='bbox 375 621 489 685; x_wconf 78' lang='lat' dir='ltr'><strong>qratiam</strong></span> <span class='ocrx_word' id='word_1_18' title='bbox 502 624 527 670; x_wconf 87' lang='lat' dir='ltr'><strong>et</strong></span> <span class='ocrx_word' id='word_1_19' title='bbox 541 633 715 686; x_wconf 71' lang='lat' dir='ltr'><strong><em>quemcunque</em></strong></span> <span class='ocrx_word' id='word_1_20' title='bbox 727 621 823 686; x_wconf 82' lang='lat' dir='ltr'><strong>quistis</strong></span> <span class='ocrx_word' id='word_1_21' title='bbox 834 620 988 686; x_wconf 85' lang='lat' dir='ltr'><strong>loeumpro-</strong></span> 
     </span>
     <span class='ocr_line' id='line_1_4' title="bbox 183 689 988 763; baseline 0.005 -19"><span class='ocrx_word' id='word_1_22' title='bbox 183 696 264 760; x_wconf 81' lang='lat' dir='ltr'><strong>dique</strong></span> <span class='ocrx_word' id='word_1_23' title='bbox 276 697 346 746; x_wconf 80' lang='lat' dir='ltr'><strong>vitoe</strong></span> <span class='ocrx_word' id='word_1_24' title='bbox 360 693 467 760; x_wconf 83' lang='lat' dir='ltr'><strong>leqisset.</strong></span> <span class='ocrx_word' id='word_1_25' title='bbox 506 689 715 757; x_wconf 83' lang='lat' dir='ltr'><strong>Puriu·Vitellius</strong></span> <span class='ocrx_word' id='word_1_26' title='bbox 729 691 885 756; x_wconf 72' lang='lat' dir='ltr'><strong>ostentabat,</strong></span> <span class='ocrx_word' id='word_1_27' title='bbox 899 694 988 763; x_wconf 83' lang='lat' dir='ltr'><strong>primo</strong></span> 
     </span>
     <span class='ocr_line' id='line_1_5' title="bbox 182 763 987 836; baseline 0 -16"><span class='ocrx_word' id='word_1_28' title='bbox 182 763 394 830; x_wconf 80' lang='lat' dir='ltr'><strong>mollius,stultn</strong></span> <span class='ocrx_word' id='word_1_29' title='bbox 403 766 539 836; x_wconf 83' lang='lat' dir='ltr'><strong>utrimque</strong></span> <span class='ocrx_word' id='word_1_30' title='bbox 549 774 574 819; x_wconf 88' lang='lat' dir='ltr'><strong>et</strong></span> <span class='ocrx_word' id='word_1_31' title='bbox 583 764 706 822; x_wconf 84' lang='lat' dir='ltr'><strong>indsoorn</strong></span> <span class='ocrx_word' id='word_1_32' title='bbox 716 765 900 822; x_wconf 76' lang='lat' dir='ltr'><strong>simulatione:</strong></span> <span class='ocrx_word' id='word_1_33' title='bbox 914 784 987 835; x_wconf 77' lang='lat' dir='ltr'><strong>mox,</strong></span> 
     </span>
     <span class='ocr_line' id='line_1_6' title="bbox 183 838 987 913; baseline 0.002 -18"><span class='ocrx_word' id='word_1_34' title='bbox 183 841 265 912; x_wconf 85' lang='lat' dir='ltr'><strong>quasi</strong></span> <span class='ocrx_word' id='word_1_35' title='bbox 279 840 407 905; x_wconf 79' lang='lat' dir='ltr'><strong>rixantes,</strong></span> <span class='ocrx_word' id='word_1_36' title='bbox 427 845 519 911; x_wconf 75' lang='lat' dir='ltr'><strong>stupis</strong></span> <span class='ocrx_word' id='word_1_37' title='bbox 532 849 558 894; x_wconf 88' lang='lat' dir='ltr'><strong>et</strong></span> <span class='ocrx_word' id='word_1_38' title='bbox 571 838 671 913; x_wconf 71' lang='lat' dir='ltr'><strong>tingitis</strong></span> <span class='ocrx_word' id='word_1_39' title='bbox 683 842 800 896; x_wconf 80' lang='lat' dir='ltr'><strong>invioem</strong></span> <span class='ocrx_word' id='word_1_40' title='bbox 809 841 987 910; x_wconf 76' lang='lat' dir='ltr'><strong>obiectavera3</strong></span> 
     </span>
     <span class='ocr_line' id='line_1_7' title="bbox 184 913 990 989; baseline 0.001 -19"><span class='ocrx_word' id='word_1_41' title='bbox 184 922 280 970; x_wconf 81' lang='lat' dir='ltr'><strong>neuter</strong></span> <span class='ocrx_word' id='word_1_42' title='bbox 290 913 366 989; x_wconf 70' lang='lat' dir='ltr'><strong>lqlso.</strong></span> <span class='ocrx_word' id='word_1_43' title='bbox 404 913 484 979; x_wconf 87' lang='lat' dir='ltr'><strong>Otho,</strong></span> <span class='ocrx_word' id='word_1_44' title='bbox 495 915 633 978; x_wconf 82' lang='lat' dir='ltr'><strong>revocatis,</strong></span> <span class='ocrx_word' id='word_1_45' title='bbox 645 932 715 986; x_wconf 86' lang='lat' dir='ltr'><strong>quos</strong></span> <span class='ocrx_word' id='word_1_46' title='bbox 725 914 810 970; x_wconf 85' lang='lat' dir='ltr'><strong>Oalhu</strong></span> <span class='ocrx_word' id='word_1_47' title='bbox 819 916 938 981; x_wconf 82' lang='lat' dir='ltr'><strong>miseret,</strong></span> <span class='ocrx_word' id='word_1_48' title='bbox 951 915 990 971; x_wconf 84' lang='lat' dir='ltr'><strong>le·</strong></span> 
     </span>
     <span class='ocr_line' id='line_1_8' title="bbox 183 981 988 1063; baseline 0.002 -19"><span class='ocrx_word' id='word_1_49' title='bbox 183 991 265 1063; x_wconf 82' lang='lat' dir='ltr'><strong>gatis,</strong></span> <span class='ocrx_word' id='word_1_50' title='bbox 273 1007 371 1044; x_wconf 82' lang='lat' dir='ltr'><strong>rursus</strong></span> <span class='ocrx_word' id='word_1_51' title='bbox 378 988 444 1044; x_wconf 83' lang='lat' dir='ltr'><strong>ulio</strong></span> <span class='ocrx_word' id='word_1_52' title='bbox 452 989 487 1043; x_wconf 85' lang='lat' dir='ltr'><strong>nd</strong></span> <span class='ocrx_word' id='word_1_53' title='bbox 496 981 988 1061; x_wconf 83' lang='lat' dir='ltr'><strong>utrumqueGerr&#39;nanioumexereitum</strong></span> 
     </span>
     <span class='ocr_line' id='line_1_9' title="bbox 182 1063 986 1139; baseline 0.002 -21"><span class='ocrx_word' id='word_1_54' title='bbox 182 1074 209 1119; x_wconf 86' lang='lat' dir='ltr'><strong>et</strong></span> <span class='ocrx_word' id='word_1_55' title='bbox 219 1063 255 1126; x_wconf 86' lang='lat' dir='ltr'><strong>ad</strong></span> <span class='ocrx_word' id='word_1_56' title='bbox 265 1063 397 1137; x_wconf 81' lang='lat' dir='ltr'><strong>legionem</strong></span> <span class='ocrx_word' id='word_1_57' title='bbox 408 1063 524 1118; x_wconf 85' lang='lat' dir='ltr'><strong>ltalioum</strong></span> <span class='ocrx_word' id='word_1_58' title='bbox 535 1081 643 1136; x_wconf 89' lang='lat' dir='ltr'><strong>easque,</strong></span> <span class='ocrx_word' id='word_1_59' title='bbox 650 1081 721 1136; x_wconf 87' lang='lat' dir='ltr'><strong>quue</strong></span> <span class='ocrx_word' id='word_1_60' title='bbox 727 1065 854 1138; x_wconf 77' lang='lat' dir='ltr'><strong>Lugduni</strong></span> <span class='ocrx_word' id='word_1_61' title='bbox 863 1065 986 1139; x_wconf 78' lang='lat' dir='ltr'><strong>agebunt,</strong></span> 
     </span>
     <span class='ocr_line' id='line_1_10' title="bbox 182 1139 988 1212; baseline 0.002 -18"><span class='ocrx_word' id='word_1_62' title='bbox 182 1141 277 1212; x_wconf 86' lang='lat' dir='ltr'><strong>oopias</strong></span> <span class='ocrx_word' id='word_1_63' title='bbox 288 1139 375 1210; x_wconf 84' lang='lat' dir='ltr'><strong>speeie</strong></span> <span class='ocrx_word' id='word_1_64' title='bbox 384 1147 492 1194; x_wconf 88' lang='lat' dir='ltr'><strong>senatus</strong></span> <span class='ocrx_word' id='word_1_65' title='bbox 503 1139 585 1194; x_wconf 87' lang='lat' dir='ltr'><strong>misit.</strong></span> <span class='ocrx_word' id='word_1_66' title='bbox 614 1139 706 1212; x_wconf 77' lang='lat' dir='ltr'><strong>Legati</strong></span> <span class='ocrx_word' id='word_1_67' title='bbox 715 1141 788 1210; x_wconf 86' lang='lat' dir='ltr'><strong>apud</strong></span> <span class='ocrx_word' id='word_1_68' title='bbox 797 1139 935 1196; x_wconf 88' lang='lat' dir='ltr'><strong>Vitellium</strong></span> <span class='ocrx_word' id='word_1_69' title='bbox 944 1158 988 1196; x_wconf 87' lang='lat' dir='ltr'><strong>re-</strong></span> 
     </span>
     <span class='ocr_line' id='line_1_11' title="bbox 182 1214 988 1285; baseline 0.001 -15"><span class='ocrx_word' id='word_1_70' title='bbox 182 1214 615 1285; x_wconf 81' lang='lat' dir='ltr'><strong>mansere,promptius,qunmut</strong></span> <span class='ocrx_word' id='word_1_71' title='bbox 624 1215 719 1269; x_wconf 88' lang='lat' dir='ltr'><strong>retenti</strong></span> <span class='ocrx_word' id='word_1_72' title='bbox 726 1214 888 1270; x_wconf 84' lang='lat' dir='ltr'><strong>viderentur.</strong></span> <span class='ocrx_word' id='word_1_73' title='bbox 909 1216 988 1271; x_wconf 85' lang='lat' dir='ltr'><strong>Prae·</strong></span> 
     </span>
     <span class='ocr_line' id='line_1_12' title="bbox 182 1287 989 1363; baseline 0 -17"><span class='ocrx_word' id='word_1_74' title='bbox 182 1288 293 1354; x_wconf 76' lang='lat' dir='ltr'><strong>turiani,</strong></span> <span class='ocrx_word' id='word_1_75' title='bbox 304 1305 381 1360; x_wconf 85' lang='lat' dir='ltr'><strong>quos,</strong></span> <span class='ocrx_word' id='word_1_76' title='bbox 394 1305 442 1360; x_wconf 86' lang='lat' dir='ltr'><strong>per</strong></span> <span class='ocrx_word' id='word_1_77' title='bbox 451 1287 649 1346; x_wconf 80' lang='lat' dir='ltr'><strong>simulationem</strong></span> <span class='ocrx_word' id='word_1_78' title='bbox 659 1287 750 1355; x_wconf 81' lang='lat' dir='ltr'><strong>officii,</strong></span> <span class='ocrx_word' id='word_1_79' title='bbox 761 1288 855 1363; x_wconf 81' lang='lat' dir='ltr'><strong>legatis</strong></span> <span class='ocrx_word' id='word_1_80' title='bbox 861 1289 931 1347; x_wconf 88' lang='lat' dir='ltr'><strong>Otho</strong></span> <span class='ocrx_word' id='word_1_81' title='bbox 940 1291 989 1346; x_wconf 91' lang='lat' dir='ltr'><strong>ad-</strong></span> 
     </span>
     <span class='ocr_line' id='line_1_13' title="bbox 181 1363 994 1437; baseline 0.004 -19"><span class='ocrx_word' id='word_1_82' title='bbox 181 1366 320 1428; x_wconf 85' lang='lat' dir='ltr'><strong>iunxerat,</strong></span> <span class='ocrx_word' id='word_1_83' title='bbox 341 1363 458 1428; x_wconf 79' lang='lat' dir='ltr'><strong>remissi,</strong></span> <span class='ocrx_word' id='word_1_84' title='bbox 478 1371 621 1436; x_wconf 87' lang='lat' dir='ltr'><strong>antequam</strong></span> <span class='ocrx_word' id='word_1_85' title='bbox 636 1363 787 1437; x_wconf 85' lang='lat' dir='ltr'><strong>legionibus</strong></span> <span class='ocrx_word' id='word_1_86' title='bbox 801 1365 994 1422; x_wconf 62' lang='lat' dir='ltr'><strong>minueremus·</strong></span> 
     </span>
     <span class='ocr_line' id='line_1_14' title="bbox 182 1437 988 1510; baseline 0.002 -16"><span class='ocrx_word' id='word_1_87' title='bbox 182 1438 269 1494; x_wconf 79' lang='lat' dir='ltr'><strong>Addit</strong></span> <span class='ocrx_word' id='word_1_88' title='bbox 281 1437 405 1510; x_wconf 72' lang='lat' dir='ltr'><strong>epistolis</strong></span> <span class='ocrx_word' id='word_1_89' title='bbox 418 1437 519 1493; x_wconf 73' lang='lat' dir='ltr'><strong>tentus</strong></span> <span class='ocrx_word' id='word_1_90' title='bbox 532 1437 638 1504; x_wconf 86' lang='lat' dir='ltr'><strong>Valens,</strong></span> <span class='ocrx_word' id='word_1_91' title='bbox 655 1439 765 1494; x_wconf 87' lang='lat' dir='ltr'><strong>nomine</strong></span> <span class='ocrx_word' id='word_1_92' title='bbox 775 1439 928 1496; x_wconf 84' lang='lat' dir='ltr'><strong>Germanioi</strong></span> <span class='ocrx_word' id='word_1_93' title='bbox 940 1458 988 1495; x_wconf 87' lang='lat' dir='ltr'><strong>ex·</strong></span> 
     </span>
     <span class='ocr_line' id='line_1_15' title="bbox 182 1512 987 1590; baseline 0.002 -22"><span class='ocrx_word' id='word_1_94' title='bbox 182 1516 296 1578; x_wconf 82' lang='lat' dir='ltr'><strong>orcitus,</strong></span> <span class='ocrx_word' id='word_1_95' title='bbox 317 1512 350 1568; x_wconf 83' lang='lat' dir='ltr'><strong>ed</strong></span> <span class='ocrx_word' id='word_1_96' title='bbox 363 1512 507 1585; x_wconf 84' lang='lat' dir='ltr'><strong>praetorias</strong></span> <span class='ocrx_word' id='word_1_97' title='bbox 522 1520 548 1568; x_wconf 87' lang='lat' dir='ltr'><strong>et</strong></span> <span class='ocrx_word' id='word_1_98' title='bbox 559 1513 677 1590; x_wconf 77' lang='lat' dir='ltr'><strong>urbanus</strong></span> <span class='ocrx_word' id='word_1_99' title='bbox 690 1514 820 1579; x_wconf 86' lang='lat' dir='ltr'><strong>eohortes,</strong></span> <span class='ocrx_word' id='word_1_100' title='bbox 839 1513 987 1570; x_wconf 82' lang='lat' dir='ltr'><strong>devia-ihus</strong></span> 
     </span>
     <span class='ocr_line' id='line_1_16' title="bbox 182 1587 989 1661; baseline 0.005 -19"><span class='ocrx_word' id='word_1_101' title='bbox 182 1587 474 1661; x_wconf 67' lang='lat' dir='ltr'><strong>partiummegnifious</strong></span> <span class='ocrx_word' id='word_1_102' title='bbox 491 1596 517 1643; x_wconf 88' lang='lat' dir='ltr'><strong>et</strong></span> <span class='ocrx_word' id='word_1_103' title='bbox 533 1588 700 1649; x_wconf 76' lang='lat' dir='ltr'><strong>oouoordiam</strong></span> <span class='ocrx_word' id='word_1_104' title='bbox 713 1588 861 1645; x_wconf 75' lang='lat' dir='ltr'><strong>offerentes.</strong></span> <span class='ocrx_word' id='word_1_105' title='bbox 900 1591 989 1646; x_wconf 82' lang='lat' dir='ltr'><strong>luere-</strong></span> 
     </span>
     <span class='ocr_line' id='line_1_17' title="bbox 181 1661 988 1736; baseline 0.004 -20"><span class='ocrx_word' id='word_1_106' title='bbox 181 1661 267 1736; x_wconf 84' lang='lat' dir='ltr'><strong>pohnt</strong></span> <span class='ocrx_word' id='word_1_107' title='bbox 276 1661 355 1726; x_wconf 86' lang='lat' dir='ltr'><strong>ultro,</strong></span> <span class='ocrx_word' id='word_1_108' title='bbox 368 1667 436 1732; x_wconf 88' lang='lat' dir='ltr'><strong>quod</strong></span> <span class='ocrx_word' id='word_1_109' title='bbox 445 1671 517 1718; x_wconf 85' lang='lat' dir='ltr'><strong>tuoto</strong></span> <span class='ocrx_word' id='word_1_110' title='bbox 529 1667 592 1718; x_wconf 83' lang='lat' dir='ltr'><strong>onte</strong></span> <span class='ocrx_word' id='word_1_111' title='bbox 602 1667 728 1717; x_wconf 83' lang='lat' dir='ltr'><strong>traditum</strong></span> <span class='ocrx_word' id='word_1_112' title='bbox 743 1665 843 1719; x_wconf 81' lang='lat' dir='ltr'><strong>Vitellio</strong></span> <span class='ocrx_word' id='word_1_113' title='bbox 852 1669 988 1734; x_wconf 80' lang='lat' dir='ltr'><strong>inspsrium</strong></span> 
     </span>
     <span class='ocr_line' id='line_1_18' title="bbox 182 1738 818 1799; baseline -0.009 -5"><span class='ocrx_word' id='word_1_114' title='bbox 182 1743 223 1794; x_wconf 85' lang='lat' dir='ltr'><strong>od</strong></span> <span class='ocrx_word' id='word_1_115' title='bbox 234 1738 359 1794; x_wconf 75' lang='lat' dir='ltr'><strong>Othonem</strong></span> <span class='ocrx_word' id='word_1_116' title='bbox 367 1741 510 1793; x_wconf 64' lang='lat' dir='ltr'><strong>metutam.</strong></span> <span class='ocrx_word' id='word_1_117' title='bbox 699 1751 711 1788; x_wconf 63' lang='grc' dir='ltr'><strong>ς</strong></span> <span class='ocrx_word' id='word_1_118' title='bbox 814 1788 818 1799; x_wconf 81' lang='grc'><em>,</em></span> 
     </span>
    </p>

    <p class='ocr_par' dir='ltr' id='par_1_3' title="bbox 182 1809 990 2708">
     <span class='ocr_line' id='line_1_19' title="bbox 241 1809 989 1884; baseline 0.003 -18"><span class='ocrx_word' id='word_1_119' title='bbox 241 1815 285 1868; x_wconf 79' lang='lat'><strong>75.</strong></span> <span class='ocrx_word' id='word_1_120' title='bbox 306 1813 343 1866; x_wconf 81' lang='lat' dir='ltr'><strong>lta</strong></span> <span class='ocrx_word' id='word_1_121' title='bbox 364 1811 506 1884; x_wconf 84' lang='lat' dir='ltr'><strong>promissis</strong></span> <span class='ocrx_word' id='word_1_122' title='bbox 520 1809 603 1868; x_wconf 84' lang='lat' dir='ltr'><strong>simul</strong></span> <span class='ocrx_word' id='word_1_123' title='bbox 618 1827 650 1866; x_wconf 84' lang='lat' dir='ltr'><strong>no</strong></span> <span class='ocrx_word' id='word_1_124' title='bbox 662 1813 745 1867; x_wconf 90' lang='lat' dir='ltr'><strong>minis</strong></span> <span class='ocrx_word' id='word_1_125' title='bbox 759 1812 939 1879; x_wconf 83' lang='lat' dir='ltr'><strong>tentabuntur,</strong></span> <span class='ocrx_word' id='word_1_126' title='bbox 959 1824 989 1868; x_wconf 81' lang='lat' dir='ltr'><strong>ut</strong></span> 
     </span>
     <span class='ocr_line' id='line_1_20' title="bbox 183 1886 990 1959; baseline -0.001 -16"><span class='ocrx_word' id='word_1_127' title='bbox 183 1891 253 1943; x_wconf 81' lang='lat' dir='ltr'><strong>bello</strong></span> <span class='ocrx_word' id='word_1_128' title='bbox 261 1892 377 1956; x_wconf 78' lang='lat' dir='ltr'><strong>inpares,</strong></span> <span class='ocrx_word' id='word_1_129' title='bbox 387 1892 489 1955; x_wconf 77' lang='lat' dir='ltr'><strong>inques</strong></span> <span class='ocrx_word' id='word_1_130' title='bbox 498 1890 564 1942; x_wconf 82' lang='lat' dir='ltr'><strong>nihil</strong></span> <span class='ocrx_word' id='word_1_131' title='bbox 572 1891 706 1942; x_wconf 68' lang='lat' dir='ltr'><strong>arnimari</strong></span> <span class='ocrx_word' id='word_1_132' title='bbox 742 1886 836 1959; x_wconf 83' lang='lat' dir='ltr'><strong>Neque</strong></span> <span class='ocrx_word' id='word_1_133' title='bbox 843 1886 904 1942; x_wconf 83' lang='lat' dir='ltr'><strong>ideo</strong></span> <span class='ocrx_word' id='word_1_134' title='bbox 913 1904 990 1959; x_wconf 87' lang='lat' dir='ltr'><strong>prue-</strong></span> 
     </span>
     <span class='ocr_line' id='line_1_21' title="bbox 182 1953 989 2035; baseline -0.004 -16"><span class='ocrx_word' id='word_1_135' title='bbox 182 1965 351 2019; x_wconf 84' lang='lat' dir='ltr'><strong>toriauorum</strong></span> <span class='ocrx_word' id='word_1_136' title='bbox 364 1961 432 2016; x_wconf 85' lang='lat' dir='ltr'><strong>fides</strong></span> <span class='ocrx_word' id='word_1_137' title='bbox 446 1969 555 2016; x_wconf 86' lang='lat' dir='ltr'><strong>mutatu.</strong></span> <span class='ocrx_word' id='word_1_138' title='bbox 595 1953 647 2016; x_wconf 87' lang='lat' dir='ltr'><strong>Sed</strong></span> <span class='ocrx_word' id='word_1_139' title='bbox 661 1960 830 2017; x_wconf 77' lang='lat' dir='ltr'><strong>insidiatores</strong></span> <span class='ocrx_word' id='word_1_140' title='bbox 843 1961 877 2016; x_wconf 87' lang='lat' dir='ltr'><strong>nh</strong></span> <span class='ocrx_word' id='word_1_141' title='bbox 886 1959 989 2035; x_wconf 85' lang='lat' dir='ltr'><strong>Othone</strong></span> 
     </span>
     <span class='ocr_line' id='line_1_22' title="bbox 182 2035 990 2109; baseline 0 -17"><span class='ocrx_word' id='word_1_142' title='bbox 182 2040 214 2092; x_wconf 90' lang='lat' dir='ltr'><strong>in</strong></span> <span class='ocrx_word' id='word_1_143' title='bbox 229 2037 414 2101; x_wconf 73' lang='lat' dir='ltr'><strong>Germanim,</strong></span> <span class='ocrx_word' id='word_1_144' title='bbox 429 2053 444 2092; x_wconf 87' lang='lat' dir='ltr'><strong>a</strong></span> <span class='ocrx_word' id='word_1_145' title='bbox 458 2035 564 2092; x_wconf 82' lang='lat' dir='ltr'><strong>Vitellio</strong></span> <span class='ocrx_word' id='word_1_146' title='bbox 577 2037 606 2092; x_wconf 86' lang='lat' dir='ltr'><strong>iu</strong></span> <span class='ocrx_word' id='word_1_147' title='bbox 624 2037 720 2092; x_wconf 85' lang='lat' dir='ltr'><strong>urbem</strong></span> <span class='ocrx_word' id='word_1_148' title='bbox 734 2035 823 2093; x_wconf 85' lang='lat' dir='ltr'><strong>missi.</strong></span> <span class='ocrx_word' id='word_1_149' title='bbox 864 2036 990 2109; x_wconf 81' lang='lat' dir='ltr'><strong>Utrisque</strong></span> 
     </span>
     <span class='ocr_line' id='line_1_23' title="bbox 184 2109 987 2184; baseline -0.001 -17"><span class='ocrx_word' id='word_1_150' title='bbox 184 2113 286 2168; x_wconf 82' lang='lat' dir='ltr'><strong>frustra</strong></span> <span class='ocrx_word' id='word_1_151' title='bbox 302 2109 367 2166; x_wconf 84' lang='lat' dir='ltr'><strong>luit:</strong></span> <span class='ocrx_word' id='word_1_152' title='bbox 388 2109 537 2166; x_wconf 84' lang='lat' dir='ltr'><strong>Vitellianis</strong></span> <span class='ocrx_word' id='word_1_153' title='bbox 551 2112 663 2183; x_wconf 83' lang='lat' dir='ltr'><strong>inpune,</strong></span> <span class='ocrx_word' id='word_1_154' title='bbox 678 2129 728 2184; x_wconf 87' lang='lat' dir='ltr'><strong>per</strong></span> <span class='ocrx_word' id='word_1_155' title='bbox 736 2118 836 2166; x_wconf 86' lang='lat' dir='ltr'><strong>tautum</strong></span> <span class='ocrx_word' id='word_1_156' title='bbox 846 2111 987 2167; x_wconf 89' lang='lat' dir='ltr'><strong>hominum</strong></span> 
     </span>
     <span class='ocr_line' id='line_1_24' title="bbox 184 2185 988 2260; baseline 0.001 -18"><span class='ocrx_word' id='word_1_157' title='bbox 184 2186 389 2242; x_wconf 83' lang='lat' dir='ltr'><strong>multitudinem</strong></span> <span class='ocrx_word' id='word_1_158' title='bbox 399 2195 493 2242; x_wconf 86' lang='lat' dir='ltr'><strong>mutua</strong></span> <span class='ocrx_word' id='word_1_159' title='bbox 502 2187 650 2260; x_wconf 77' lang='lat' dir='ltr'><strong>ignoraan</strong></span> <span class='ocrx_word' id='word_1_160' title='bbox 659 2186 828 2242; x_wconf 75' lang='lat' dir='ltr'><strong>fallentibus:</strong></span> <span class='ocrx_word' id='word_1_161' title='bbox 843 2185 988 2244; x_wconf 88' lang='lat' dir='ltr'><strong>Othoniani</strong></span> 
     </span>
     <span class='ocr_line' id='line_1_25' title="bbox 185 2259 986 2336; baseline 0 -18"><span class='ocrx_word' id='word_1_162' title='bbox 185 2264 303 2318; x_wconf 81' lang='lat' dir='ltr'><strong>novitate</strong></span> <span class='ocrx_word' id='word_1_163' title='bbox 313 2259 416 2326; x_wconf 77' lang='lat' dir='ltr'><strong>multus,</strong></span> <span class='ocrx_word' id='word_1_164' title='bbox 426 2262 552 2320; x_wconf 89' lang='lat' dir='ltr'><strong>omnihus</strong></span> <span class='ocrx_word' id='word_1_165' title='bbox 562 2263 678 2317; x_wconf 76' lang='lat' dir='ltr'><strong>invicem</strong></span> <span class='ocrx_word' id='word_1_166' title='bbox 688 2263 791 2336; x_wconf 61' lang='lat' dir='ltr'><strong>gnosiu</strong></span> <span class='ocrx_word' id='word_1_167' title='bbox 796 2262 986 2332; x_wconf 77' lang='lat' dir='ltr'><strong>prodebantur.</strong></span> 
     </span>
     <span class='ocr_line' id='line_1_26' title="bbox 184 2335 988 2410; baseline -0.006 -14"><span class='ocrx_word' id='word_1_168' title='bbox 184 2336 312 2396; x_wconf 85' lang='lat' dir='ltr'><strong>Vitellius</strong></span> <span class='ocrx_word' id='word_1_169' title='bbox 321 2335 424 2393; x_wconf 81' lang='lat' dir='ltr'><strong>littores</strong></span> <span class='ocrx_word' id='word_1_170' title='bbox 431 2337 465 2391; x_wconf 88' lang='lat' dir='ltr'><strong>ad</strong></span> <span class='ocrx_word' id='word_1_171' title='bbox 474 2337 618 2402; x_wconf 80' lang='lat' dir='ltr'><strong>Titianum,</strong></span> <span class='ocrx_word' id='word_1_172' title='bbox 629 2335 738 2391; x_wconf 84' lang='lat' dir='ltr'><strong>fratrem</strong></span> <span class='ocrx_word' id='word_1_173' title='bbox 748 2335 870 2410; x_wconf 85' lang='lat' dir='ltr'><strong>Othonis,</strong></span> <span class='ocrx_word' id='word_1_174' title='bbox 879 2352 988 2409; x_wconf 87' lang='lat' dir='ltr'><strong>oompo-</strong></span> 
     </span>
     <span class='ocr_line' id='line_1_27' title="bbox 185 2411 988 2482; baseline -0.004 -12"><span class='ocrx_word' id='word_1_175' title='bbox 185 2415 250 2480; x_wconf 87' lang='lat' dir='ltr'><strong>suit,</strong></span> <span class='ocrx_word' id='word_1_176' title='bbox 273 2417 384 2468; x_wconf 75' lang='lat' dir='ltr'><strong>emittunt</strong></span> <span class='ocrx_word' id='word_1_177' title='bbox 402 2415 454 2480; x_wconf 79' lang='lat' dir='ltr'><strong>ipsi</strong></span> <span class='ocrx_word' id='word_1_178' title='bbox 467 2415 570 2482; x_wconf 77' lang='lat' dir='ltr'><strong>filioque</strong></span> <span class='ocrx_word' id='word_1_179' title='bbox 584 2416 639 2466; x_wconf 82' lang='lat' dir='ltr'><strong>eine</strong></span> <span class='ocrx_word' id='word_1_180' title='bbox 654 2411 790 2476; x_wconf 87' lang='lat' dir='ltr'><strong>minitans,</strong></span> <span class='ocrx_word' id='word_1_181' title='bbox 806 2417 835 2466; x_wconf 84' lang='lat' dir='ltr'><strong>ni</strong></span> <span class='ocrx_word' id='word_1_182' title='bbox 848 2415 988 2467; x_wconf 69' lang='lat' dir='ltr'><strong>incolumes</strong></span> 
     </span>
     <span class='ocr_line' id='line_1_28' title="bbox 185 2485 989 2546; baseline -0.007 0"><span class='ocrx_word' id='word_1_183' title='bbox 185 2493 236 2546; x_wconf 77' lang='lat' dir='ltr'><strong>sim·</strong></span> <span class='ocrx_word' id='word_1_184' title='bbox 245 2497 332 2542; x_wconf 84' lang='lat' dir='ltr'><strong>mater·</strong></span> <span class='ocrx_word' id='word_1_185' title='bbox 340 2505 373 2542; x_wconf 85' lang='lat' dir='ltr'><strong>oo</strong></span> <span class='ocrx_word' id='word_1_186' title='bbox 384 2489 459 2540; x_wconf 77' lang='lat' dir='ltr'><strong>libori</strong></span> <span class='ocrx_word' id='word_1_187' title='bbox 470 2493 649 2542; x_wconf 74' lang='lat' dir='ltr'><strong>inaurentur.</strong></span> <span class='ocrx_word' id='word_1_188' title='bbox 685 2485 720 2540; x_wconf 82' lang='lat' dir='ltr'><strong>Et</strong></span> <span class='ocrx_word' id='word_1_189' title='bbox 729 2487 801 2542; x_wconf 88' lang='lat' dir='ltr'><strong>stetit</strong></span> <span class='ocrx_word' id='word_1_190' title='bbox 809 2487 907 2542; x_wconf 85' lang='lat' dir='ltr'><strong>domus</strong></span> <span class='ocrx_word' id='word_1_191' title='bbox 915 2496 989 2541; x_wconf 87' lang='lat' dir='ltr'><strong>utra-</strong></span> 
     </span>
     <span class='ocr_line' id='line_1_29' title="bbox 186 2558 988 2635; baseline -0.002 -18"><span class='ocrx_word' id='word_1_192' title='bbox 186 2579 255 2635; x_wconf 88' lang='lat' dir='ltr'><strong>que:</strong></span> <span class='ocrx_word' id='word_1_193' title='bbox 277 2561 331 2616; x_wconf 87' lang='lat' dir='ltr'><strong>suh</strong></span> <span class='ocrx_word' id='word_1_194' title='bbox 346 2558 459 2625; x_wconf 84' lang='lat' dir='ltr'><strong>Othone,</strong></span> <span class='ocrx_word' id='word_1_195' title='bbox 474 2561 606 2618; x_wconf 83' lang='lat' dir='ltr'><strong>incermm</strong></span> <span class='ocrx_word' id='word_1_196' title='bbox 618 2578 653 2615; x_wconf 85' lang='lat' dir='ltr'><strong>un</strong></span> <span class='ocrx_word' id='word_1_197' title='bbox 662 2569 752 2616; x_wconf 84' lang='lat' dir='ltr'><strong>metu:</strong></span> <span class='ocrx_word' id='word_1_198' title='bbox 772 2560 895 2617; x_wconf 86' lang='lat' dir='ltr'><strong>Vitellius</strong></span> <span class='ocrx_word' id='word_1_199' title='bbox 905 2562 988 2616; x_wconf 83' lang='lat' dir='ltr'><strong>vietor</strong></span> 
     </span>
     <span class='ocr_line' id='line_1_30' title="bbox 187 2634 542 2708; baseline -0.006 -16"><span class='ocrx_word' id='word_1_200' title='bbox 187 2634 464 2708; x_wconf 83' lang='lat' dir='ltr'><strong>elementiae-gloriam</strong></span> <span class='ocrx_word' id='word_1_201' title='bbox 472 2635 542 2690; x_wconf 88' lang='lat' dir='ltr'><strong>tulit.</strong></span> 
     </span>
    </p>

    <p class='ocr_par' dir='ltr' id='par_1_4' title="bbox 188 2708 1009 3007">
     <span class='ocr_line' id='line_1_31' title="bbox 241 2708 989 2784; baseline -0.001 -19"><span class='ocrx_word' id='word_1_202' title='bbox 241 2713 287 2766; x_wconf 76' lang='lat'><strong>76.</strong></span> <span class='ocrx_word' id='word_1_203' title='bbox 299 2708 509 2766; x_wconf 85' lang='lat' dir='ltr'><strong>PrimusOthoui</strong></span> <span class='ocrx_word' id='word_1_204' title='bbox 519 2710 646 2766; x_wconf 82' lang='lat' dir='ltr'><strong>fiduciam</strong></span> <span class='ocrx_word' id='word_1_205' title='bbox 654 2709 755 2766; x_wconf 87' lang='lat' dir='ltr'><strong>addidit</strong></span> <span class='ocrx_word' id='word_1_206' title='bbox 764 2709 908 2784; x_wconf 80' lang='lat' dir='ltr'><strong>exlllyrioo</strong></span> <span class='ocrx_word' id='word_1_207' title='bbox 916 2727 989 2765; x_wconf 89' lang='lat' dir='ltr'><strong>nuu-</strong></span> 
     </span>
     <span class='ocr_line' id='line_1_32' title="bbox 188 2785 1009 2852; baseline -0.002 -11"><span class='ocrx_word' id='word_1_208' title='bbox 188 2790 253 2851; x_wconf 87' lang='lat' dir='ltr'><strong>tius,</strong></span> <span class='ocrx_word' id='word_1_209' title='bbox 264 2791 367 2840; x_wconf 78' lang='lat' dir='ltr'><strong>iurasse</strong></span> <span class='ocrx_word' id='word_1_210' title='bbox 376 2789 405 2838; x_wconf 81' lang='lat' dir='ltr'><strong>tn</strong></span> <span class='ocrx_word' id='word_1_211' title='bbox 416 2803 472 2840; x_wconf 88' lang='lat' dir='ltr'><strong>sum</strong></span> <span class='ocrx_word' id='word_1_212' title='bbox 482 2787 631 2842; x_wconf 76' lang='lat' dir='ltr'><strong>llolmets&#39;m</strong></span> <span class='ocrx_word' id='word_1_213' title='bbox 640 2803 673 2840; x_wconf 87' lang='lat' dir='ltr'><strong>oe</strong></span> <span class='ocrx_word' id='word_1_214' title='bbox 682 2787 831 2840; x_wconf 77' lang='lat' dir='ltr'><strong>Pannoniae</strong></span> <span class='ocrx_word' id='word_1_215' title='bbox 839 2794 865 2840; x_wconf 82' lang='lat' dir='ltr'><strong>et</strong></span> <span class='ocrx_word' id='word_1_216' title='bbox 874 2785 990 2843; x_wconf 77' lang='lat' dir='ltr'><strong>Moesiae</strong></span> <span class='ocrx_word' id='word_1_217' title='bbox 1007 2847 1009 2852; x_wconf 21' lang='lat'><strong><em>¹</em></strong></span> 
     </span>
     <span class='ocr_line' id='line_1_33' title="bbox 188 2857 990 2932; baseline -0.006 -16"><span class='ocrx_word' id='word_1_218' title='bbox 188 2866 308 2932; x_wconf 79' lang='lat' dir='ltr'><strong>teqtones.</strong></span> <span class='ocrx_word' id='word_1_219' title='bbox 337 2859 411 2920; x_wconf 85' lang='lat' dir='ltr'><strong>Idam</strong></span> <span class='ocrx_word' id='word_1_220' title='bbox 420 2876 455 2915; x_wconf 77' lang='lat' dir='ltr'><strong>sn</strong></span> <span class='ocrx_word' id='word_1_221' title='bbox 463 2859 590 2931; x_wconf 81' lang='lat' dir='ltr'><strong>Hispanis</strong></span> <span class='ocrx_word' id='word_1_222' title='bbox 599 2859 735 2916; x_wconf 80' lang='lat' dir='ltr'><strong>adlatum:</strong></span> <span class='ocrx_word' id='word_1_223' title='bbox 756 2857 933 2932; x_wconf 82' lang='lat' dir='ltr'><strong>lsudatusqus</strong></span> <span class='ocrx_word' id='word_1_224' title='bbox 941 2872 990 2928; x_wconf 87' lang='lat' dir='ltr'><strong>per</strong></span> 
     </span>
     <span class='ocr_line' id='line_1_34' title="bbox 189 2933 1008 3007; baseline -0.011 -15"><span class='ocrx_word' id='word_1_225' title='bbox 189 2935 308 2998; x_wconf 78' lang='lat' dir='ltr'><strong>edietum</strong></span> <span class='ocrx_word' id='word_1_226' title='bbox 322 2934 435 2992; x_wconf 81' lang='lat' dir='ltr'><strong>Cluvius</strong></span> <span class='ocrx_word' id='word_1_227' title='bbox 449 2933 550 2991; x_wconf 75' lang='lat' dir='ltr'><strong>nmo:</strong></span> <span class='ocrx_word' id='word_1_228' title='bbox 570 2943 598 2990; x_wconf 87' lang='lat' dir='ltr'><strong>et</strong></span> <span class='ocrx_word' id='word_1_229' title='bbox 608 2933 699 2992; x_wconf 75' lang='lat' dir='ltr'><strong>suum</strong></span> <span class='ocrx_word' id='word_1_230' title='bbox 711 2935 848 3007; x_wconf 73' lang='lat' dir='ltr'><strong>segnium</strong></span> <span class='ocrx_word' id='word_1_231' title='bbox 861 2941 911 2996; x_wconf 79' lang='lat' dir='ltr'><strong>est,</strong></span> <span class='ocrx_word' id='word_1_232' title='bbox 926 2946 990 2986; x_wconf 87' lang='lat' dir='ltr'><strong>oon·</strong></span> <span class='ocrx_word' id='word_1_233' title='bbox 1004 2969 1008 2972; x_wconf 79' lang='lat'>-</span> 
     </span>
    </p>
   </div>
   <div class='ocr_carea' id='block_1_3' title="bbox 0 0 1292 3692">
    <p class='ocr_par' dir='ltr' id='par_1_5' title="bbox 0 0 1292 3692">
     <span class='ocr_line' id='line_1_35' title="bbox 0 0 1292 3692; baseline 0 0"><span class='ocrx_word' id='word_1_234' title='bbox 0 0 1292 3692; x_wconf 95' lang='lat' dir='ltr'><strong> </strong></span> 
     </span>
    </p>
   </div>
  </div>
 </body>
</html>
