2559 3692
189 446 253 483 nc.
267 424 316 502 u.)
395 428 478 483 ire.
498 436 547 485 ιν.
568 439 658 487 cie.
680 438 719 487 ae.
741 440 782 487 aa.
945 438 996 493 tte

190 535 292 592 Vitellii
303 536 487 609 duplicaverat
495 537 607 594 bellum.
634 540 704 595 Nam
714 540 819 607 Civilis,
830 542 931 599 omissa
939 542 997 599 dis-

188 610 411 676 simulationem
421 613 810 685 populumllcmanumruere.
840 616 996 673 Vitellianae

189 687 311 761 legiones
325 686 370 742 vel
383 695 524 743 externum
538 689 690 757 servitium,
709 708 794 763 quam
808 688 995 763 imperatorem

188 762 400 834 Vespasianum,
416 762 505 817 malle.
544 762 795 821 Galli·sustulerant
806 766 921 833 animos,
933 783 997 821 ean-

189 837 252 893 dem
257 838 368 909 vubique
376 838 542 893 exercituum
553 846 704 897 nostrorum
715 838 849 895 fortunam
858 842 923 896 rati:
934 840 997 897 rul-

189 920 250 985 gato
259 929 377 978 rumore,
388 910 541 968 aSarmatis
550 914 801 987 Dacisqueldcesice
810 915 996 971 aoPuunonica

188 986 303 1041 hiberna
314 987 509 1043 circumsideri.
541 988 617 1044 Paria
626 988 660 1043 de
669 989 804 1045 Britannia
815 990 994 1065 fingebantur.

189 1062 243 1117 Sed
256 1060 328 1116 nibil
342 1078 437 1133 aeque,
453 1079 536 1134 quam
551 1064 707 1119 incendium
722 1063 855 1137 Capitolii,
871 1073 901 1119 ut
912 1065 994 1120 linem

189 1136 306 1208 imperio
320 1136 413 1192 edesse
428 1137 573 1203 crederent,
595 1138 737 1210 inpulerat.
780 1138 889 1207 Captum
903 1143 996 1201 oltmc

191 1212 281 1267 Gallie
295 1215 397 1266 urbem:
415 1216 469 1276 sed,
485 1214 668 1287 inteprolccie
677 1218 743 1278 rede,
753 1218 879 1269 metuisse
888 1218 997 1284 tmperi-

188 1304 243 1341 em.
282 1285 373 1341 Fatale·
387 1303 456 1341 nanc
469 1291 530 1355 ipae
542 1291 646 1356 apuam
659 1291 778 1343 coelectis
791 1292 848 1344 true
861 1290 959 1353 dotum,
971 1298 996 1344 et

189 1364 378 1419 noeeeestcnem
388 1378 478 1416 rerum
489 1364 665 1417 bumanorum
680 1362 861 1431 Transalpinis
878 1367 997 1432 pentibus

188 1436 871 1507 portendt,superstitionevanallruidaecanebant.
905 1438 1003 1493 lnces·‘

188 1517 316 1581 seratque
330 1509 410 1576 lama,
427 1512 558 1581 primores
567 1509 728 1577 Galliarum,
743 1511 778 1566 ab
790 1509 894 1567 Othone
901 1512 997 1569 adver-
1011 1556 1017 1570 .

188 1602 240 1640 sus
250 1583 388 1641 Vitellium
403 1586 511 1651 missos,
533 1594 677 1659 antequem
688 1585 899 1659 digrederentur,
918 1590 996 1659 pepi·

188 1661 274 1735 gisae,
289 1664 444 1715 redemerit
458 1664 581 1723 libertati,
594 1665 620 1715 ea·
627 1663 752 1729 poputum
760 1662 903 1716 liccmcum
912 1668 996 1717 cocti-

187 1752 246 1791 nuo
255 1737 382 1789 bellorum
391 1738 597 1790 civiliumeere‘ee
606 1743 631 1788 et
639 1740 744 1790 interno
752 1738 823 1790 mola
833 1740 975 1805 impluent.

194 1838 198 1841 ·
245 1811 290 1867 55.
310 1808 379 1865 Ante
393 1808 481 1865 Flacci
494 1808 636 1865 llcrdeouii
651 1808 768 1873 casdem,
785 1808 854 1864 nihil
864 1810 995 1881 prorupit,

188 1901 247 1957 quo
270 1884 417 1939 coniuratio
438 1883 641 1959 intelligeretur.
681 1882 819 1939 Interfecto
837 1882 994 1951 Hordeonio,

189 1974 376 2015 commeavere
385 1959 475 2015 nuntii
487 1960 557 2015 inter
568 1957 683 2016 Civilem
693 1957 908 2031 Classicumque,
918 1974 998 2029 prae-

189 2034 292 2090 lectum
302 2033 361 2090 alae
369 2034 554 2091 Treverorum.
589 2032 997 2106 'Classicushohilitatecpibus-

188 2126 246 2183 que
265 2117 327 2165 ante
345 2109 422 2165 alios.
460 2110 575 2184 Regium
593 2107 638 2164 illi·
653 2126 740 2183 genus
755 2117 781 2164 et
794 2126 859 2180 paca
872 2107 996 2181 belloque

189 2186 262 2240 clara
276 2186 361 2258 origo.
401 2185 461 2256 lpse
476 2200 492 2239 e
505 2184 654 2241 maioribus
667 2185 726 2241 suis
740 2184 824 2240 hostis
837 2181 930 2255 populi
943 2184 996 2240 Rc-

190 2260 276 2326 mani,
298 2276 382 2332 quam
399 2261 498 2325 socius,
518 2258 639 2315 iactabat.
678 2260 810 2316 Miscuere
831 2274 890 2313 sese
908 2259 995 2315 lulius
1042 2281 1044 2287 ·

189 2336 274 2391 l'utcr
284 2342 310 2390 et
319 2334 409 2389 lulius
415 2333 547 2389 Sabinus:
559 2328 615 2389 'hic
623 2334 726 2399 Trevir,
738 2334 783 2389 hie
792 2334 907 2407 Lingcn.
939 2334 996 2389 Tu·-

189 2419 231 2467 tcr
244 2411 321 2482 ripae
333 2408 423 2465 Rheni
435 2426 450 2464 a
464 2408 571 2464 Vitellio
582 2406 744 2480 praefectus:
765 2397 891 2474 sabinus,
912 2424 995 2480 super

188 2485 302 2541 insitam
316 2484 470 2549 vanitatem,
489 2482 571 2539 falsae
584 2483 678 2557 stirpis
691 2482 775 2556 gloria
788 2483 993 2539 incendebatur:

186 2565 330 2631 proaviam
342 2576 419 2615 eccm
432 2564 457 2614 al.
471 2560 554 2622 latio,
565 2575 617 2628 per
634 2559 738 2614 Gallice
754 2562 873 2623 bellanti,
888 2574 996 2627 corpore

188 2628 556 2705 otque'udultertcptoculeee.
594 2632 747 2690 lliseoretis
757 2632 927 2689 sermonibus
936 2632 996 2687 aui·

189 2726 252 2765 mos
261 2716 411 2765 ceterorum
420 2708 543 2764 serutari.
582 2707 645 2774 Ubi,
660 2724 729 2780 quos
740 2707 848 2764 idoneos
857 2707 993 2771 rebantur,

189 2783 537 2847 conscientiacbetrinxerc,
551 2783 582 2837 in
595 2782 699 2839 colonia
708 2782 900 2856 Agrippinensi
908 2782 938 2836 in
947 2780 996 2836 dc-

189 2876 269 2915 mum
277 2860 411 2931 privatam
421 2858 592 2913 conveniunt.
632 2859 701 2913 Nam
714 2853 995 2929 publieecivitaatali-
1030 2862 1031 2865 ’

190 2934 244 2991 bus
263 2934 379 3006 inceptis
396 2931 568 2989 abhorrebat:
589 2940 705 2989 atamen
724 2930 868 2989 interfuere
883 2928 992 3001 quidam
