2559 3692
292 426 343 483 tta
527 428 853 481 merolilanus
954 418 1095 493 (assat

201 593 205 602 ,
290 531 376 587 sentia
396 529 529 601 placuere.
567 528 727 587 Scribam
750 528 784 586 ad
803 528 933 585 Treveros
954 527 1096 599 epistolae,

291 605 400 662 nomine
419 603 578 670 Galliarum,
598 612 628 672 at
647 606 805 661 abstinerent
828 608 920 667 orma,
941 606 1098 675 inpetrabili

290 684 367 736 conio
380 688 405 742 et
415 684 521 747 porotia
533 681 752 748 deprecatoribus,
767 683 791 733 ai
799 682 948 745 poenitor-at.
987 678 1098 736 Restitit
1149 684 1152 695 ⁴

290 754 363 811 idom
381 752 553 819 Valentinus,
576 753 764 824 emeruitque
784 752 899 809 civitatis
917 768 983 810 suec
1001 769 1094 817 aures,
1151 756 1152 761 ’

289 828 364 885 haud
372 828 484 958 pcizinde
492 826 648 885 instruendo
656 826 726 883 bello
734 826 862 893 intentus,
871 843 955 898 quam
964 824 1095 899 frequens

290 919 399 961 concon
430 920 473 960 us.

344 978 388 1033 70.
408 977 493 1050 Igitur
511 992 565 1030 non
575 975 683 1032 Treveri
701 992 789 1047 neque
803 974 938 1048 Lingones
957 981 1094 1031 ceteraeve

289 1050 431 1108 ‘rebellium
444 1051 564 1105 civitates
576 1066 625 1121 pro
633 1050 817 1123 magnitudine
827 1048 945 1121 suscepti
955 1049 1094 1107 dborimi·

290 1126 334 1181 nis
343 1142 430 1199 agere.
469 1126 510 1179 Ne
517 1123 599 1180 ducas
608 1123 719 1195 quidem
732 1125 761 1179 in
774 1140 860 1181 unum
869 1122 1023 1194 consulere;
1045 1124 1093 1179 sed

290 1199 385 1256 Civilis
398 1199 458 1255 avia
471 1197 613 1271 Belgarum
627 1198 793 1263 circumibat,
807 1198 874 1253 dum
884 1197 1030 1256 Claudium
1041 1198 1093 1253 La·

288 1274 402 1329 beonem
411 1290 504 1345 capere
513 1282 559 1327 aut
567 1272 710 1330 exturbare
723 1274 830 1341 nititur;
851 1270 997 1343 Classicus,
1009 1290 1092 1347 segne

289 1347 449 1419 plerumque
460 1348 545 1404 otium
560 1348 679 1413 trahens,
693 1346 767 1403 velut
776 1354 851 1419 parto
861 1348 973 1419 imperio
983 1346 1091 1403 frueba-

290 1431 342 1477 tur.
381 1423 422 1478 Ne
432 1423 513 1480 Tutor
522 1423 632 1495 quidem
649 1422 792 1479 maturavit
801 1422 966 1493 superiorem
976 1422 1090 1479 Germa-

288 1497 349 1551 niae
362 1497 449 1569 ripam
460 1506 487 1554 et
500 1497 582 1554 ardua
591 1497 702 1569 Alpium
715 1497 857 1568 praesidiis
870 1495 1004 1553 claudere.
1043 1497 1090 1553 At-

289 1588 344 1643 que
356 1571 465 1630 interim
477 1573 685 1629 unoetvicesimo
698 1571 767 1645 legio
776 1571 947 1638 Vindonissa,
960 1571 1089 1629 Sextilius

288 1644 366 1703 Felix
377 1664 441 1704 oum
453 1647 602 1703 auxilimds
611 1646 764 1705 cohortibus
773 1664 821 1719 per
830 1646 969 1713 Rhoetiam
978 1649 1043 1706 inru
1063 1666 1090 1703 e-

286 1726 327 1777 re.
365 1720 484 1780 asseri
495 1722 537 1777 ala
549 1720 743 1796 Singularium,
763 1722 849 1780 exeita
863 1720 927 1779 olim
941 1740 957 1779 a
971 1666 1086 1795 Vitellio,

288 1795 386 1853 deindo
394 1798 423 1853 in
431 1806 520 1869 partes
529 1797 687 1871 Vespasiani
696 1805 871 1873 transgressa.
911 1796 1033 1860 Praeerat
1045 1798 1089 1853 lu-

239 1886 243 1895 ·
288 1870 343 1927 lius
356 1872 533 1945 brigantious,
548 1890 638 1929 sorore
652 1872 746 1929 Civilis
755 1874 871 1947 genitus,
883 1879 913 1928 ut
922 1870 1088 1929 lermeaeer·

288 1946 357 2003 rima
369 1948 554 2019 proximorum
567 1946 627 2003 odia
640 1954 713 2011 sunt,
732 1947 837 2003 invisus
850 1946 985 2003 avunculo
1000 1946 1088 2003 insen·

288 2038 400 2093 susque.
415 2022 496 2079 Tutor
506 2022 680 2078 Treverorum
691 2021 790 2091 copias,
801 2020 1085 2095 recentiVangionum‚

289 2094 479 2161 Caeracatium,
487 2096 661 2153 Tribocorum
669 2094 772 2153 delectu
779 2102 1006 2168 auctasveterano
1011 2097 1088 2169 pedi-

288 2177 314 2225 te
327 2177 408 2241 atque
420 2172 510 2243 equite
524 2170 650 2236 firmavit,
666 2170 803 2243 corruptis
811 2188 870 2243 spe,
881 2178 928 2226 aut
937 2178 1012 2227 metu
1021 2172 1088 2229 sub-

287 2245 353 2301 actis
367 2244 533 2318 legionariis:
553 2246 602 2318 qui
615 2245 703 2317 primo
717 2246 859 2313 cohortem,
878 2247 1056 2319 praemissam
1071 2264 1086 2303 a

287 2317 398 2374 Sextilio
410 2319 507 2385 Felice,
523 2319 699 2389 interficiuot;
721 2321 840 2378 moxubi
849 2320 932 2378 duces
941 2323 1087 2379 exercitus·

287 2410 342 2466 que
351 2394 487 2449 llomanus
497 2394 720 2466 propinquabant,
736 2394 846 2450 honesto
860 2394 1008 2469 transfugio
1017 2396 1087 2453 redi-

287 2485 341 2533 ere,
355 2469 454 2523 secutis
469 2468 589 2525 Tribocis
602 2469 840 2543 Vangionibusque
852 2476 878 2528 et
889 2468 1083 2528 Caeracatibus.

288 2543 379 2609 Tutor,
394 2542 516 2599 Treveris
528 2544 726 2609 comitantibus,
742 2546 823 2600 vitato
835 2544 1009 2617 Mogontiaco,
1022 2546 1086 2603 Bin-

286 2619 364 2691 gium
376 2618 516 2684 concessit,
532 2619 616 2674 fidens
625 2618 693 2684 loco,
706 2619 771 2690 quia
781 2626 889 2690 pontem
899 2620 989 2677 Navae
997 2618 1085 2677 flumi-

287 2692 331 2748 nis
340 2692 490 2765 abruperat.
528 2691 581 2749 Sed
590 2694 701 2749 incursu
712 2692 870 2761 cohortium,
880 2711 949 2766 quas
958 2692 1085 2756 Sextilius

286 2766 444 2834 ducebat-et
453 2775 556 2839 reperto
564 2767 641 2832 vado,
653 2767 773 2837 proditus
784 2767 926 2841 lususque.
964 2769 1002 2824 Ea
1013 2768 1085 2825 clade

286 2842 404 2914 perculsi
419 2842 536 2906 Treveri,
557 2849 582 2895 et
593 2840 696 2912 plebes,
716 2843 825 2900 omissis
837 2844 931 2909 armis,
950 2860 999 2915 per
1009 2861 1084 2917 agros

287 2915 400 2987 palatur.
424 2914 751 2987 Qaddampriocipum.ut
758 2918 841 2989 primi
851 2918 975 2990 posuisse
984 2918 1084 2985 bellam
