2559 3692
298 437 331 492 96
403 471 406 478 .
535 440 859 489 ursnonrsnuu
958 431 1103 505 (num

298 543 523 617 quamodomnes
533 545 699 614 suspiciones
707 539 1029 614 pavidus,deinnooentia
1038 543 1103 598 eius

297 617 437 676 dubitavit.
465 617 648 691 Augustarum
658 617 777 682 cohibiti,
788 616 960 688 quioxitium
968 617 1103 672 virioon-

297 693 395 749 soleris
405 699 430 748 st
439 693 574 765 quondam
587 691 666 747 dume
675 692 719 748 sui
732 689 893 764 flagitabant.
932 691 988 745 Neo
998 689 1102 764 quem·

297 785 379 841 quam
390 769 507 839 saepius,
517 783 600 838 quam
610 765 873 840 Verginiumomuis
882 764 976 821 seditio
984 765 1101 821 infesta-

297 844 344 900 vit.
384 842 506 896 Manebat
522 841 661 896 admiratio
669 842 722 896 riri
736 847 762 894 et
770 840 857 896 fama:
875 838 924 894 sed
934 840 1057 906 oderant,
1069 849 1101 897 ut

296 917 416 972 lastiditi.

353 994 395 1046 69.
416 990 521 1044 Postero
533 988 577 1044 die
586 987 720 1055 Vitellius,
734 997 842 1044 senatm
858 988 996 1062 logatione,
1010 1007 1098 1062 quam

297 1066 336 1122 ibi
345 1065 461 1136 opperiri
471 1065 593 1130 iusserat,
605 1063 705 1128 audita,
715 1070 897 1138 transgressus
906 1064 935 1118 in
944 1072 1040 1130 castra,
1053 1065 1098 1120 ul-

296 1150 337 1196 tro
346 1142 468 1213 pictatem
478 1137 596 1193 militum
601 1138 782 1194 conlaudavit:
793 1139 1095 1206 frementibussuxiliis‚

298 1222 401 1270 tantum
411 1213 567 1285 inpunitatis
577 1221 657 1342 8ιῖιο
665 1213 833 1286 adrogantiae
840 1211 993 1286 legionariis
1006 1231 1097 1270 souss-

297 1291 375 1364 slsse.
390 1299 392 1304 '
414 1289 572 1344 batavorum
585 1305 615 1344 oo
634 1296 713 1353 ortes,
730 1303 764 1342 ne
778 1287 846 1361 quid
857 1286 1036 1344 noemenias
1045 1307 1097 1345 su-

297 1365 397 1428 dorem,
413 1365 442 1418 iu
456 1363 626 1419 Germaniam
646 1363 786 1429 remissam
805 1362 969 1434 principium
989 1363 1096 1420 interno

298 1437 380 1494 simul
390 1445 550 1510 externoque
557 1436 627 1493 bello
635 1437 790 1510 pmuntibus
802 1435 873 1494 istis.
905 1435 1016 1494 lloalrlita
1025 1439 1096 1496 civi-

297 1512 396 1568 tatibus
411 1511 548 1568 Gallorum
567 1511 677 1577 auxilia,
697 1512 726 1566 iu
760 1530 793 1566 ns
805 1529 944 1578 numerus,
965 1521 991 1568 et
1004 1514 1094 1586 prima

297 1585 539 1642 stutimdeiectione
553 1587 722 1642 interinania
766 1584 976 1661 lliudsumptus.
1017 1587 1096 1645 cee-

249 1687 254 1698 ·
297 1668 410 1728 rum,ut
420 1660 604 1735 largitionibus
612 1661 727 1718 adfeaae
735 1662 788 1717 ism
799 1663 1095 1734 imperiiopessuffloe-

296 1744 364 1803 rent,
381 1737 512 1808 amputari
528 1735 663 1811 legionum
677 1736 894 1809 auxiliorumque
908 1753 1037 1794 nummus
1050 1740 1095 1794 lu-

297 1812 355 1878 bets
362 1812 451 1868 vetitis
460 1811 668 1884 supplementis:
688 1819 715 1867 et
726 1813 893 1884 promiscuae
901 1811 1045 1868 missiones
1053 1813 1095 1869 oi·

298 1886 458 1943 ferebantur.
484 1888 627 1942 Exitiabile
636 1887 666 1941 id
674 1885 845 1957 reipublicae,
855 1887 990 1958 ingratum
999 1887 1091 1952 militi,

298 1962 342 2016 oui
361 1961 452 2017 eadem
471 1963 565 2016 munia
579 1962 648 2015 inter
661 1976 769 2031 pouoos,
788 1960 961 2032 periculoque
972 1977 1004 2016 so
1018 1961 1093 2018 labor

297 2036 417 2091 crebrius
436 2035 565 2090 redibant.
603 2035 637 2089 Et
654 2035 726 2089 vires
742 2032 816 2089 'luxu
838 2036 1091 2114 consumebantur,

298 2117 387 2165 contra
397 2116 512 2163 veterem
524 2109 694 2180 disciplinam
703 2116 730 2164 et
738 2109 857 2164 insfituta
866 2112 1009 2176 maiorum,
1019 2111 1093 2184 apud

299 2201 367 2256 quos
377 2184 483 2247 virtuto,
499 2199 580 2254 quam
590 2185 712 2255 pecunia,
723 2200 766 2239 res
775 2184 893 2240 Romana
902 2184 1001 2240 melius
1009 2187 1090 2242 stetit

303 2328 305 2330 Ι
352 2259 395 2314 70.
416 2255 480 2312 Inde
496 2257 620 2314 Vitellius
638 2257 795 2314 Cremonam
813 2257 900 2324 berit,
921 2267 956 2325 ct,
976 2269 1093 2331 spectato

298 2349 409 2387 munere
421 2331 556 2398 Caecinae,
571 2333 694 2388 insistere
706 2333 924 2389 Bedriacensibus
938 2336 1051 2406 campis,
1062 2350 1093 2391 ac

298 2407 410 2480 vestigia
429 2408 542 2461 recentis
555 2406 680 2462 victoriae
697 2407 809 2463 lustrare
826 2406 911 2463 oculis
928 2410 1090 2481 concupibit.

298 2481 417 2538 Foedum
429 2488 509 2552 atque
519 2489 597 2538 atrox
611 2481 801 2554 spectaculum.
840 2481 910 2538 lutra
918 2481 1093 2557 quemgen-

298 2573 374 2611 mum
389 2572 496 2630 pugnae
505 2555 576 2611 diem
586 2557 670 2612 laoers
678 2572 795 2630 corpora,
809 2557 990 2621 nunu-artus,
1000 2567 1092 2630 pua-es

298 2631 417 2685 virorum
427 2645 613 2703 equorumque
622 2631 729 2697 lomnes,
740 2631 836 2687 inlecta
844 2631 906 2687 tabo
913 2631 1093 2704 humus,pru-

298 2705 368 2760 tritis
380 2705 519 2761 arboribus
532 2721 563 2761 ac
574 2705 701 2780 frugibus
713 2704 771 2761 dira
779 2707 898 2762 vesitus.
936 2707 992 2762 Nee
1000 2708 1092 2762 minus

298 2779 445 2848 inhumano
454 2795 517 2852 pers
524 2783 680 2852 viau‚quom
687 2779 877 2836 Cremonenses
887 2781 963 2837 lauro
970 2782 1093 2855 rosisque

299 2861 504 2920 constraverunt,
520 2857 661 2910 exstructis
675 2854 803 2911 altoribus
815 2857 954 2928 caesisque
963 2856 1091 2923 victimis,

299 2931 404 3004 regiam
418 2931 447 2986 in
461 2943 575 2987 morem:
596 2947 675 3004 quae,
691 2929 799 2986 laetaiu
811 2947 946 3002 muers,
956 2947 1019 2986 mox
1029 2947 1093 3002 per*
