2559 3692
289 444 339 499 324
522 446 573 493 uit
592 442 846 496 otiosumne

287 566 343 624 quo
352 552 446 621 inpetu
458 545 597 603 namium
606 554 727 603 nmmum
735 546 868 605 defendit!
886 552 1091 623 qrmmonpioss

288 643 320 680 ao
333 624 407 679 varie
420 623 526 679 venuit
539 622 677 695 antiquosl
697 630 798 695 quanto
811 640 865 678 non
879 623 970 680 solum
979 626 1091 699 ingenio

288 698 436 771 suspiritu,
451 696 498 753 sed
511 697 590 752 etiam
601 696 749 787 eruditione
761 698 1091 830 οωιεῖιξίρείρἒέιῃ.

288 779 856 921 llsll',⁹lffi³dll‘³l“ffill.
865 791 978 903 siaul
993 793 1090 923 uolt

288 924 361 979 euim
380 919 544 979 defensorem
564 921 734 993 antiquorum
753 922 903 1051 eripimus,
921 940 975 978 neo
991 942 1090 1013 quem-

289 1015 371 1072 quam
385 1005 516 1062 nostrum,
532 1012 698 1069 quamquam
711 996 790 1052 modo
812 996 902 1052 audan
911 1014 1023 1066 sumus,
1034 1000 1087 1065 lus,

288 1091 358 1146 quos
376 1074 519 1128 insectatus
538 1078 578 1125 est
594 1070 675 1143 Aper,
696 1088 891 1143 oomperamus.
929 1072 973 1127 Ao
984 1075 1089 1147 neipm

289 1147 400 1220 quidem
415 1149 450 1201 ito
464 1146 552 1211 sentit,
568 1145 615 1200 sed
625 1162 699 1201 more
707 1148 791 1202 veteri
801 1148 958 1202 alavastris
967 1148 1089 1219 philoso-

176 1278 179 1299 Ι
271 1223 440 1295 phissaepe
448 1219 978 1292 oelohrato‚sumpsitsibioonnadiosndi
987 1232 1086 1295 partes.

289 1298 373 1372 Igitur
391 1310 516 1367 exprome
535 1295 622 1361 nobis,
643 1312 697 1351 non
709 1294 886 1351 laudationem
898 1298 1088 1369 antiquorum,

288 1372 362 1446 (satis
372 1370 444 1425 enim
456 1370 516 1425 illos
528 1368 598 1425 lama
607 1386 656 1425 sue
668 1369 775 1443 laudat),
795 1370 844 1427 sed
857 1388 980 1437 caussas,
1000 1390 1052 1429 cur
1061 1376 1089 1429 in

212 1476 221 1495 ι
288 1454 391 1503 tantum
401 1445 435 1500 ab
449 1444 598 1519 eloquentie
608 1462 700 1501 eorum
711 1446 914 1514 neeesserimus3
935 1464 1002 1503 eum
1012 1465 1089 1519 prae-

289 1522 380 1577 sertim
399 1526 541 1593 eentumet
549 1520 604 1575 XX
622 1536 706 1575 annos
726 1519 761 1575 ab
778 1520 887 1576 interitu
901 1518 1043 1579 Ciceronis
1061 1525 1089 1579 in

288 1594 529 1661 hunediemeifioi,
545 1596 771 1667 ratiotemprrum
780 1593 931 1669 eoulegerit.
1051 1642 1055 1647 .

293 1684 301 1705 ·
342 1674 384 1729 25.
405 1671 475 1726 Tum
488 1669 615 1727 Messala:
631 1669 737 1742 Sequar
749 1672 938 1742 praescriptam
953 1689 971 1726 a
984 1680 1023 1739 te,
1033 1674 1088 1730 lda-

288 1756 370 1813 terne,
393 1744 514 1801 lormam.
552 1745 647 1817 Neque
660 1745 733 1800 enim
741 1744 789 1801 diu
801 1744 1089 1807 oontredioendumost

287 1822 368 1893 Apro,
380 1820 428 1893 qui
438 1821 567 1892 primum,
587 1821 729 1891 mopinot,
748 1819 865 1876 nominis
877 1824 1088 1879 controversiam

288 1897 380 1961 movit,
401 1903 538 1967 tamquam
556 1895 653 1965 parum
671 1894 778 1966 proprie
797 1895 900 1967 unoqui
915 1906 1086 1963 voearentm,

246 2035 247 2039 η
288 1988 357 2042 quos
370 1971 433 2025 satis
447 1976 576 2025 oonstaret
589 1975 650 2023 ante
664 1976 771 2024 eentum
785 1986 869 2025 annos
882 1970 979 2025 luisse.
1021 1972 1088 2029 llihi

288 2054 376 2101 autem
391 2045 424 2100 de
437 2042 566 2101 vocabulo
577 2060 670 2117 pugna
679 2061 733 2099 non
743 2052 791 2109 est,
812 2044 938 2102 siveillos
947 2047 1086 2120 antiquos,

288 2122 346 2175 sive
365 2120 486 2185 maiores,
507 2119 564 2174 sive
578 2136 632 2191 quo
642 2118 694 2175 alio
705 2117 808 2174 mavult
817 2121 934 2185 nomine,
955 2120 1086 2195 adpellet:

288 2194 432 2263 dummodo
444 2196 473 2249 in
488 2192 606 2249 eonfesso
620 2194 666 2259 sit,
686 2194 887 2251 eminentiorem
897 2192 1012 2251 illorum
1022 2204 1088 2252 tem·

287 2286 384 2343 porum
398 2268 574 2341 eloquentiam
589 2267 683 2323 luisse.
721 2269 762 2324 Ne
772 2268 814 2323 illi
825 2268 936 2341 quidem
948 2272 1025 2341 perti
1034 2290 1088 2327 ser-

288 2344 375 2399 monis
385 2342 443 2397 eius
453 2360 581 2417 repugno,
602 2342 737 2415 siquidem
745 2360 840 2399 omnes
848 2342 973 2410 mmmm,
994 2345 1087 2418 plnres

287 2418 385 2474 iormas
395 2416 500 2472 dicendi
510 2418 589 2473 etiam
601 2416 698 2489 iisdem
707 2418 832 2484 saeculis,
847 2418 948 2476 nedum
958 2420 1085 2487 diversis,

288 2493 430 2548 exstitisse.
469 2490 521 2546 Sed
530 2492 665 2565 quomodo
673 2493 741 2548 inter
750 2491 848 2549 Atticos
858 2501 974 2552 oratores
983 2496 1087 2566 primae

287 2564 456 2643 Demostheni
470 2566 634 2634 tribuuntur,
655 2569 809 2638 proximum
826 2571 915 2625 autem
929 2567 1022 2626 locum
1036 2570 1086 2625 Ae·

288 2643 394 2720 sollines
409 2648 434 2707 et
447 2642 594 2717 Hyperides
608 2648 633 2696 et
646 2642 667 2696 L
702 2642 741 2697 ias
760 2650 787 2696 et
799 2643 939 2716 Lycurgum
954 2644 1083 2709 obtinent,

287 2718 410 2776 omnium
424 2724 512 2773 autem
527 2732 659 2775 consensu
691 2725 956 2774 eeooratorumaetes
967 2722 1084 2775 maxime

288 2793 427 2863 probatur;
448 2792 488 2847 sic
502 2790 573 2865 opud
587 2808 636 2847 nos
650 2790 742 2848 Cicero
755 2792 864 2865 quidem
878 2800 978 2850 ceteros
988 2810 1083 2849 eorun-

188 2899 191 2905 -
288 2862 350 2921 dom
369 2874 518 2939 temporum
532 2864 644 2921 disertos
657 2869 806 2932 anteoessit,
831 2865 931 2923 Calvus
949 2876 1041 2923 summ
1059 2876 1083 2921 et

287 2940 399 2996 sisinius
414 2946 439 2995 ot
452 2936 546 2993 Caesar
559 2946 584 2993 et
593 2937 700 2995 Coelius
709 2948 735 2996 et
743 2941 841 2997 Brutus
851 2957 900 3001 suo
909 2942 969 2998 iure
978 2951 1004 2999 et
1012 2943 1082 3014 prio—
