2559 3692
174 435 302 511 acm.)
341 461 346 468 ·
389 446 467 491 nis.
486 445 537 491 rr.
558 446 646 493 cnr.
668 445 708 491 aa.
729 444 768 491 aa.
926 440 975 495 227

174 547 271 611 maus,
294 546 447 619 ingruentia¹
468 544 539 601 mala
565 545 684 616 exponit.
718 542 833 619 -Vulgus
861 547 977 614 aversari

174 637 280 694 regem,
300 620 421 674 invidere
434 618 567 693 Aegypto,
587 619 641 674 sibi
659 626 780 675 metuere
793 618 977 691 templumque

174 694 378 751 circumsidere.
417 695 501 751 Maior
515 694 577 749 hinc
585 693 656 753 fama
665 692 782 759 tradidit,
795 694 876 749 deum
887 692 976 765 ipsum

175 769 306 841 adpulsas
316 769 387 826 litori
395 770 472 828 navis
481 776 573 840 sponte
582 767 779 825 conscendisse.
806 769 907 823 Mirum
916 768 978 823 inde

174 846 262 908 dictu,
284 844 360 899 tertio
373 843 426 909 die,
445 851 549 898 tantum
563 843 645 898 maris
655 843 768 909 emensi,
789 842 977 897 Alexandriam

175 918 359 991 adpelluntur.
384 917 526 990 Templum
535 935 583 989 pro
594 918 778 992 magnitudine
787 918 864 973 urbis
874 925 979 971 exstru-

175 1003 253 1049 ctum
264 993 328 1059 loco,
340 992 385 1049 cui
394 1011 492 1052 nomen
501 992 635 1048 Rhacotis.
667 993 765 1048 Fuerat
774 992 829 1048 illic
838 992 976 1057 sacellum,

175 1067 300 1141 Serapidi
310 1076 389 1140 atque
398 1068 462 1124 isidi
472 1068 773 1141 antiquitussacratum.
803 1068 873 1123 llaec
882 1067 915 1122 de
924 1068 979 1122 ori·

174 1146 242 1217 gine
262 1152 288 1200 et
306 1142 417 1199 advectu
424 1142 472 1199 'dei
490 1141 670 1199 celeberrima.
708 1142 840 1215 Neclsum
855 1142 976 1215 ignarus,

175 1236 236 1275 esse
249 1218 394 1291 quosdam,
410 1219 459 1288 qui
468 1215 597 1282 Seleucia,
611 1218 679 1272 urbe
688 1216 789 1291 Syriae,
800 1214 925 1282 accitum,
936 1234 979 1273 re-

173 1301 279 1374 gnante
287 1291 452 1356 Ptolemaeo,
466 1308 549 1364 quem
561 1292 635 1346 tertia
650 1298 719 1347 aetas
732 1292 806 1348 tulit:
827 1292 873 1365 alii
888 1299 979 1347 aucto-

174 1386 235 1423 rem
256 1366 372 1421 eundem
391 1365 579 1431 Ptolemaeum,
598 1364 700 1432 sedem,
720 1383 758 1439 ex!
767 1384 821 1439 qua
833 1368 976 1433 transierit,

174 1441 330 1513 Memphim
344 1440 493 1512 perbibent,
508 1440 636 1514 inclytam
650 1440 716 1497 olim
725 1449 750 1496 et
759 1443 853 1497 veteris
864 1441 978 1515 Aegypti

175 1517 315 1575 columen.
328 1564 331 1569 .
344 1516 430 1571 Deum
439 1516 531 1588 ipsum
540 1515 619 1571 multi
629 1514 829 1587 Aesculapium,
840 1518 912 1588 quod
921 1534 979 1571 me-

174 1592 275 1647 deatur
286 1591 374 1664 aegris
387 1592 555 1663 corporibus3
576 1590 688 1664 quidam
702 1588 806 1657 Osirin,
823 1592 979 1664 antiquissi-

176 1684 258 1723 mum
269 1666 324 1720 illis
333 1666 458 1739 gentibus
467 1682 582 1721 numen:
603 1664 725 1738 plerique
738 1666 838 1731 lovem,
849 1675 978 1721 utrarum

177 1742 304 1798 omnium
314 1749 467 1812 potentem,
480 1740 592 1813 plurimi
600 1741 686 1795 Ditem
696 1740 977 1814 patrem,insignibus,
1012 1808 1013 1811 Ἴ

178 1834 249 1889 quae
260 1816 359 1887 inipso
368 1815 518 1881 manifesta,
530 1823 575 1870 aut
583 1833 631 1888 per
640 1815 767 1889 ambages
777 1816 930 1869 coniectent.

232 1894 278 1946 85.
299 1890 334 1947 At
347 1891 513 1947 Domitianus
527 1892 731 1962 Mucianusque,
748 1896 890 1961 antequam
905 1888 979 1959 Alpi-

177 1965 230 2021 bus
240 1968 461 2038 propinquarent,
474 1983 612 2038 prosperos
622 1982 712 2021 rerum
722 1965 750 2020 in
762 1966 883 2019 Treveris
892 1972 980 2037 gesta-

179 2059 241 2096 rum
253 2042 362 2096 nuntios
376 2058 507 2112 accepere.
547 2041 691 2112 Praecipua
700 2040 825 2095 victoriae
834 2038 911 2104 fides,
923 2038 978 2093 dux

178 2115 301 2171 hostium
310 2114 476 2190 Valentinus,
497 2133 667 2187 nequaquam
681 2115 781 2170 abiecto
790 2115 888 2179 animo,
910 2130 978 2187 quos

179 2192 294 2263 spiritus
303 2191 438 2265 gessisset,
449 2188 526 2246 vultu
536 2188 644 2245 ferebat.
669 2189 784 2246 Auditus
795 2189 854 2244 ideo
863 2197 976 2254 tantum,

181 2274 210 2321 ut
219 2274 373 2321 nosceretur
382 2263 521 2339 ingenium
529 2264 976 2337 eius‚damnatusque,interipsum

181 2340 357 2413 supplicium,
371 2340 539 2414 exprobranti
553 2339 660 2395 cuidam
673 2341 784 2411 patriam
795 2340 853 2395 eius
862 2348 975 2411 captam,

181 2414 473 2488 acciperesesolatium
481 2414 728 2486 mortisrespondit.
765 2413 975 2478 SedMucianus,

182 2491 255 2562 quod
263 2491 311 2546 diu
320 2489 503 2555 occultaverat,
517 2497 548 2545 ut
557 2507 649 2545 recens
658 2490 835 2566 exprompsit:
856 2494 978 2559 qnoniam

183 2568 338 2636 benignitate
356 2570 431 2620 deum
448 2571 550 2635 tractae
567 2568 677 2620 bostiam
690 2569 759 2619 vires
772 2570 864 2633 forent,
881 2580 978 2633 pamm

183 2644 273 2696 decore
280 2642 465 2704 Domitianam,
477 2646 589 2711 confecto
598 2657 680 2710 prope
690 2642 870 2705 ballo,oltanae
879 2641 978 2708 gloriae

182 2719 393 2781 interventuram.
431 2714 462 2771 Si
474 2724 559 2770 statas
572 2719 676 2784 imperii
688 2724 734 2769 out
746 2718 819 2769 solus
830 2714 978 2769 Galliarum

182 2794 212 2844 in
220 2794 370 2845 discrimina
382 2798 532 2853 oneretur,
547 2794 662 2845 debuisse
674 2789 810 2845 Caesarem
820 2793 848 2843 in
857 2792 914 2842 acia
923 2795 978 2842 sto·

183 2881 225 2918 ra:
248 2863 429 2935 Canninefates
445 2864 606 2933 Batavosque
623 2867 769 2919 manontes
784 2866 892 2919 ducibus
902 2864 979 2922 ¹dete-

183 2943 289 3007 qondoa.
327 2940 386 3008 lpse
408 2939 526 3009 Lugduni
543 2942 595 2993 ven
615 2937 796 3067 {mtnnoapqp'a
813 2938 979 3005 principatus·
