2559 3692
189 418 304 494 acra.)
407 429 486 476 nra.
507 429 540 474 11.
562 427 654 474 car.
675 427 702 472 a.
723 429 749 472 a.
948 421 978 475 at

189 529 330 602 habituque
343 529 394 597 rix
407 547 423 584 a
437 530 556 604 gregario
570 527 658 584 milite
670 527 840 600 discrepans:
860 543 980 599 porcus,

188 605 208 659 si
221 603 329 660 arentia
341 603 455 671 abesset,
470 605 588 676 antiquis
602 603 719 658 ducibus
729 619 788 676 par.
827 603 981 658 Mucianum

188 696 200 732 e
216 680 345 736 contrario
363 679 559 754 magnificentia
578 686 605 734 et
621 696 686 751 opes
700 686 726 733 et
740 684 835 733 cuncta
847 677 982 749 privatum

188 754 290 810 modum
300 771 475 829 supergressa
484 753 654 812 extollebant.
686 752 779 824 Aptior
789 751 916 817 sermoni,
928 752 984 806 dia-

187 830 268 900 positu
279 831 449 902 provisuque
463 828 587 885 civilium
601 845 692 884 rarum
706 830 822 900 peritus:
844 828 983 901 egrefflum

186 905 344 976 principatus
353 913 605 978 temperamentum,
619 905 654 969 si,
664 904 780 974 demptis
790 903 934 972 utriusque
941 902 985 956 vi-

187 979 236 1045 tiis,
244 978 320 1037 solae
333 981 448 1036 virtutes
462 982 648 1035 miscerentur.
686 977 809 1034 Ceterum
821 977 867 1032 bic
878 976 981 1051 Syriae,

187 1053 227 1108 ille
235 1054 345 1110 ludaede
354 1057 534 1128 praepositus,
549 1054 649 1109 vicinis
657 1053 857 1125 provinciarum
866 1052 984 1106 admini-

188 1130 360 1194 strationibus,
377 1130 480 1186 invidia
495 1130 639 1194 discordes,
654 1129 727 1185 exitu
738 1127 847 1182 demum
858 1128 981 1193 Nemnis,

187 1205 273 1276 positis
281 1204 362 1270 odiis,
374 1205 404 1260 in
413 1204 534 1261 medium
544 1203 716 1260 consuluere:
728 1204 848 1275 primum
856 1219 905 1274 per
914 1202 984 1257 ami·
1017 1232 1021 1239 ·

188 1295 246 1334 eost·
260 1279 322 1336 dein
336 1281 481 1352 praecipua
494 1279 649 1335 concordiae
658 1278 725 1334 fides
734 1279 820 1342 Titus,
833 1293 916 1349 prava
925 1294 984 1332 cer-

188 1353 279 1410 tamina
287 1356 430 1412 communi
440 1355 552 1410 utilitate
561 1353 723 1409 aboleverat:
736 1361 832 1407 natura
840 1360 920 1425 atque
928 1359 984 1407 arte

189 1430 345 1502 compositus
352 1430 511 1486 adliciendis
521 1430 600 1484 etiam
610 1430 729 1485 Muciani
738 1427 866 1483 maribus.
885 1427 984 1482 Tribu-

189 1505 213 1558 ni
223 1507 444 1578 centurionesque
456 1513 481 1561 et
493 1504 594 1578 vulgus
608 1504 737 1567 militum,
747 1503 890 1569 industria,
901 1502 984 1557 licen·

188 1580 228 1645 tie,
243 1581 423 1652 per-virtutes,
444 1597 491 1652 per
501 1580 659 1650 voluptates,
681 1587 711 1634 ut
723 1580 822 1651 cuique
830 1578 981 1652 ingenium,

190 1654 409 1711 adsciscebantur.
949 1686 953 1693 -
978 1665 984 1678 ¹

238 1734 262 1785 6.
282 1731 437 1804 Antequam
442 1726 518 1784 Titus
529 1728 689 1792 adventaret,
701 1736 896 1782 sacramentum
902 1725 985 1783 Otho-

190 1805 228 1858 nis
237 1815 371 1879 acceperat
381 1813 494 1878 uterque
504 1804 647 1868 exercitus,
658 1803 857 1874 praecipitibus,
869 1811 899 1855 ut
908 1800 986 1855 adso-

191 1877 229 1944 let,
240 1883 352 1949 nuntiis,
365 1890 392 1936 et
400 1881 474 1936 tarda
484 1879 553 1935 mole
565 1878 655 1934 civilis
665 1877 739 1942 belli,
753 1876 826 1948 quod
836 1876 914 1950 longa
922 1891 986 1929 eon-

191 1955 271 2011 cordia
279 1957 390 2030 quietus
401 1954 496 2012 Oriens
506 1963 570 2009 tunc
580 1955 699 2026 primum
711 1951 829 2024 parabat.
863 1951 986 2020 Namque

190 2029 248 2085 olim
258 2031 426 2088 validissima
437 2031 506 2086 inter
515 2047 544 2085 sa
554 2030 656 2086 civium
667 2046 750 2093 arma,
764 2025 876 2082 initalia
887 2024 987 2081 Gallia·

192 2121 230 2170 ve,
248 2107 354 2162 viribus
373 2104 524 2162 Occidentis
543 2113 643 2177 coepta.
683 2105 718 2158 Et
731 2102 865 2174 Pompeio,
883 2101 985 2165 Cassio,

192 2179 273 2247 Bruto,
285 2182 411 2247 Antonio,
421 2198 488 2254 quos
499 2199 591 2237 omnes
601 2188 675 2234 trane
684 2196 760 2233 mare
767 2186 889 2232 secutum
899 2184 940 2231 est
948 2177 988 2231 ci-

193 2255 240 2310 vile
249 2256 361 2322 bellum,
378 2256 450 2311 haud
460 2257 579 2328 prosperi
589 2256 678 2310 exitus
688 2253 801 2310 inerant.
840 2252 988 2322 Auditique

193 2332 292 2401 saepius
305 2333 335 2387 in
349 2331 427 2406 Syria
442 2332 591 2404 Iudaeaque
605 2329 740 2395 Caesares,
761 2344 844 2402 quam
862 2327 986 2399 inspecti.

193 2404 266 2460 Nulla
280 2407 376 2462 seditio
391 2406 540 2480 legionum:
561 2415 665 2461 tantum
678 2404 807 2459 adversus
817 2402 925 2458 Parthos
936 2401 989 2455 mi-

194 2496 247 2545 nae,
268 2483 459 2538 varicevantu.
498 2483 532 2536 Et
545 2483 668 2553 proximo
685 2478 759 2534 civili
774 2477 853 2543 bello,
875 2476 989 2531 turbatis

195 2552 258 2621 aliis,
279 2559 439 2613 inconcussa
457 2557 497 2612 ihi
516 2575 582 2628 pax:
613 2557 676 2610 dein
696 2555 762 2610 fides
782 2570 844 2626 erga
863 2551 986 2607 Galbam.

195 2627 259 2695 Mox,
275 2640 314 2697 ut,
330 2631 459 2688 Othonem
475 2631 652 2688 acVitellium
663 2630 782 2685 scelestis
792 2628 927 2683 armisres
937 2626 991 2680 Ro-

197 2721 283 2760 manas
297 2715 404 2779 raptum
414 2709 462 2773 ire,
475 2708 614 2781 vulgatum
627 2715 677 2771 est,
693 2722 728 2760 ue
736 2720 819 2776 penes
828 2710 927 2762 ceteros
937 2701 990 2754 im-

196 2781 258 2848 perii
277 2783 403 2853 praemia,
423 2799 504 2855 penes
524 2785 596 2854 ipsos
611 2791 716 2836 tantum
730 2779 834 2835 servitii
846 2777 990 2832 necessitas

197 2863 270 2921 esset,
286 2855 397 2913 fremere
410 2857 488 2913 miles
497 2865 522 2912 et
531 2859 602 2912 vires
612 2873 677 2912 suae
689 2853 904 2923 circumspicere.
943 2848 991 2902 Se-

198 2937 264 2998 Plsm
279 2931 395 3008 legiones
409 2935 498 2989 statim
513 2942 614 2988 etcum
629 2930 784 3004 ingentibus
795 2919 992 2992 aantiisSyrta
