2559 3692
269 449 301 500 60
508 453 839 499 nrsuonannuu
932 441 1071 516 (numm.
1156 417 1158 455 ἶ

268 552 472 618 vit,sedmares
482 552 646 627 deliguntur.
681 552 835 608 Cerdssima
845 551 911 606 fides
921 550 1072 606 haedorum

224 659 228 670 ι
269 627 354 683 libris.
393 627 557 702 Sanguinem
571 626 784 684 ara'eoblundere
793 627 921 681 vetitum:
941 626 1071 697 precibus
1156 634 1157 655 ²

267 711 294 758 et
311 704 374 777 igue
393 720 461 774 puro
480 703 571 758 altaria
592 702 744 767 adolentur,
767 718 817 756 nec
837 700 902 756 ullis
920 701 1071 766 imbribus,
1149 710 1153 723 ·

267 795 350 849 quam
370 795 433 832 uam
446 777 761 849 inaperumadesrunt.
801 775 982 831 Simulacrum
991 774 1070 841 deae,

267 870 320 908 non
331 795 418 925 eldgie
428 851 556 918 humana,
568 854 711 908 continuus
720 851 793 907 orbis
803 850 894 907 latiore
902 851 980 907 initio
989 849 1072 905 tenu-

268 944 310 982 em
326 927 355 982 in
368 927 510 992 ambitum,
524 935 609 982 metae
621 927 710 991 modo,
724 942 881 1000 exsurgens.
919 924 954 979 Et
963 925 1072 980 ratioin

266 1001 388 1058 obscuro.
935 1018 937 1023 ·
987 1044 990 1046 ψ

324 1079 348 1130 l.
370 1075 446 1128 Titus
456 1083 570 1146 spectata
578 1074 713 1147 opulentia
722 1073 854 1146 donisque
863 1090 967 1147 regum,
983 1090 1073 1146 quae-

267 1167 321 1222 que
331 1149 382 1203 alia
393 1148 491 1204 loetum
501 1150 705 1221 antiquitatibus
712 1149 874 1204 Graecorum
884 1164 970 1222 genus
980 1150 1072 1203 incer-

267 1225 436 1278 taevetustati
447 1223 567 1298 adfingit,
575 1224 608 1280 de
618 1225 785 1297 navigatione
792 1223 912 1295 primum
920 1223 1068 1278 consuluit.

267 1300 410 1370 Postquam
420 1299 502 1369 pandi
512 1299 585 1354 mam
595 1305 621 1353 et
630 1315 703 1353 mare
712 1315 870 1370 prosperum
880 1297 1030 1369 accepit,de
1039 1315 1071 1353 se

238 1377 240 1381 '
267 1389 316 1444 par
334 1372 460 1446 ambages
477 1374 629 1446 interrogat,
651 1375 735 1428 caesis
756 1372 941 1444 compluribus
959 1372 1067 1429 hostiis.

267 1447 399 1502 Sostratus
409 1447 560 1521 (sacerdotis
570 1447 599 1502 id
609 1463 705 1502 nomen
716 1447 831 1520 eratlubi
842 1447 907 1502 laeta
918 1455 943 1501 et
951 1463 1070 1521 congru-

267 1523 337 1576 entia
352 1529 420 1587 exta,
438 1523 598 1596 magnisque
612 1521 741 1577 consultis
756 1522 970 1588 annueredeam,
982 1522 1067 1588 videt,

268 1613 352 1668 pauca
365 1597 394 1650 in
408 1613 533 1668 praesens
547 1605 576 1678 et
587 1596 663 1652 solita
673 1596 846 1667 respondens,
863 1599 944 1668 petito
954 1606 1067 1663 secreto,

267 1670 356 1726 lutura
369 1673 461 1743 aperit.
501 1673 587 1738 Titus,
603 1680 680 1728 aucto
692 1673 792 1739 animo,
808 1672 843 1726 ad
855 1679 957 1744 patrem
969 1689 1070 1744 perve-

267 1755 335 1811 ctus,
347 1748 485 1819 suspensis
495 1747 695 1819 provinciarum
706 1756 733 1803 et
742 1749 907 1802 exercituum
917 1747 1066 1812 mentibus,

266 1822 362 1895 ingens
381 1839 472 1878 rerum
491 1823 588 1886 fiducia
607 1823 726 1877 accessit.
766 1820 951 1895 Profligaverat
962 1820 1068 1876 bellum

266 1895 405 1953 Iudaicum
410 1898 604 1970 Vespasianum
618 1897 815 1969 oppugnatione
820 1896 1067 1970 Hierosolymorum

267 1972 379 2043 reliqua,
391 1972 460 2027 duro
471 1974 557 2046 magis
569 1979 594 2026 et
604 1971 687 2026 arduo
695 1987 783 2041 opere,
794 1972 829 2026 ob
838 1972 1069 2045 ingenium'mon-

267 2047 301 2099 tis
316 2054 341 2100 et
353 2047 529 2116 pervicaciam
543 2047 749 2116 superstitionis,
764 2044 848 2118 quam
861 2064 915 2118 quo
925 2048 990 2100 satis
999 2047 1069 2101 viri-

266 2137 315 2174 um
336 2121 454 2175 obsessis
483 2121 517 2175 ad
540 2119 687 2175 tolerandas
711 2123 879 2178 necessitates
902 2129 1065 2193 superesset.

267 2195 341 2255 Tres.
352 2202 382 2249 ut
392 2212 473 2266 supra
483 2197 702 2262 memoravimus,
712 2198 766 2269 ipsi
775 2197 939 2269 Vespasiano
947 2195 1067 2269 legiones

266 2276 349 2334 erant,
366 2271 495 2324 exercitae
508 2269 591 2327 bello:
612 2278 727 2342 quatuor
739 2273 879 2328 Mucianus
891 2271 1027 2326 obtinebat
1036 2271 1068 2326 in

267 2360 344 2416 pace;
365 2344 412 2399 sed
426 2344 568 2402 aemulatio
581 2347 737 2418 etproxImi
746 2348 877 2402 exercitus
886 2345 971 2420 gloria
980 2346 1069 2417 depu-

267 2419 331 2474 lerat
345 2420 500 2492 segnitiam:
521 2428 708 2494 quantumque
720 2420 773 2477 illis
793 2421 894 2478 mboris
908 2420 1068 2475 discrimina

267 2501 292 2548 et
306 2493 388 2559 labor,
404 2501 507 2549 tantum
522 2495 566 2550 his
579 2495 680 2570 vigoris
694 2495 830 2551 addiderat
839 2497 941 2570 integra
950 2497 1030 2567 quies
1041 2502 1070 2550 et

266 2569 397 2639 inexperti
410 2568 473 2624 belli
489 2569 571 2626 labor.
610 2569 719 2626 Auxilia
734 2570 842 2642 utrique
852 2571 1000 2626 cohortium
1010 2569 1069 2624 ala-

266 2659 392 2771 rulmlpua,
412 2651 438 2698 at
451 2643 549 2700 classes
562 2661 703 2718 regesque,
724 2661 756 2700 ac
768 2662 865 2700 nomen
877 2645 979 2717 dispari
994 2644 1068 2700 lama

266 2733 321 2772 cea
339 2735 377 2772 re.

283 2827 285 2832 -
307 2794 346 2848 ,5.
360 2792 558 2863 Vespasianus,
578 2807 637 2848 acer
649 2791 770 2862 militias,
791 2794 890 2849 anteire
899 2811 1005 2868 agmen,
1025 2791 1068 2849 lo·

259 2873 329 2922 ‘oum
345 2869 438 2928 castris
451 2885 553 2940 capere,
573 2875 654 2924 noctu
666 2867 769 2940 diuqure
783 2868 904 2934 oonsilio,
924 2885 964 2934 ac,
985 2869 1009 2922 si
1020 2885 1067 2924 res

266 2951 394 3012 posceret,
415 2960 498 3000 manu
514 2941 636 3000 hostibus
649 2942 748 3011 obniti3
778 2943 838 3000 cibo
855 2941 971 3007 fortuito,
986 2949 1067 2998 resto

1155 1692 1158 1867 l
