2559 3692
204 439 316 514 s.e.re.)
422 448 772 499 n1n.11.car.s-·e.
958 449 991 502 tte

202 549 288 615 rinthi,
304 549 502 615 achaiaembe,
518 558 602 606 certos
613 553 722 607 nuntios
739 554 840 624 aceepit
853 554 886 609 de
899 555 993 611 interi-

201 633 226 678 tu
235 623 344 690 Galbae,
357 633 383 679 et
398 625 512 691 ederent,
523 627 573 697 qui
585 639 659 680 armo
667 626 767 682 Vitellii
781 627 937 700 bellumque
946 630 993 685 ad-

201 699 339 765 firmarent,
361 702 457 756 auxius
471 700 570 765 animo,
579 707 580 714 ’
590 703 684 772 paucis
696 702 845 758 amicorum
854 703 991 771 adhibitis,

200 774 593 848 eunotautrimqueperlustrat.
621 775 993 844 &pepercissemu-

201 852 247 902 inm
256 851 336 919 offleii
343 855 467 920 qratiam,
482 855 511 904 in
523 853 633 904 alterius
647 853 768 906 imorem
779 857 906 920 succepti:
925 870 957 907 oe
966 870 994 908 se

205 924 304 988 Vitellio,
324 930 379 979 siue
390 925 493 989 Othoni,
512 929 695 994 obsidemfors.
733 926 897 990 Sinrediret,
911 931 994 998 offen-

200 1014 250 1051 eom
263 1001 331 1053 houd
345 1004 452 1054 dubiam
466 1004 588 1055 victoris.-
606 1003 651 1054 sed
665 1002 766 1055 incerto
777 1005 862 1056 adhuc
872 1006 991 1066 victorio,

200 1081 222 1125 et
238 1077 386 1143 eoncedente
400 1081 429 1130 in
439 1083 530 1144 portes
539 1083 626 1143 patre,
645 1077 730 1144 filium
744 1085 905 1130 cernentum.
944 1076 994 1132 Sin

204 1147 368 1216 Vespasianus
381 1151 568 1218 rempublicam
580 1154 730 1218 susciperet,
743 1153 944 1207 obliviscendum
951 1157 993 1228 o!-

199 1227 323 1290 sensorum
332 1228 363 1278 do
374 1227 439 1278 hello
449 1227 617 1293 certantibus.

248 1301 273 1353 2.
293 1299 341 1354 His
350 1316 387 1354 -ae
400 1297 499 1354 talibus
513 1299 582 1352 inter
596 1313 673 1369 spem
686 1307 843 1371 metumque
854 1302 990 1366 iactatum,

201 1387 256 1442 spes
266 1372 337 1429 vicit.
377 1375 474 1438 Fuere,
490 1375 548 1445 qui,
562 1390 704 1428 recemum
714 1373 846 1430 desiderio
854 1376 992 1430 Berenices

201 1448 316 1520 reginae,
328 1449 443 1504 vertisse
456 1450 505 1503 iter
518 1447 662 1502 crederent.
702 1449 796 1520 Neque
808 1449 965 1505 abhorrebat
977 1467 993 1504 a

201 1519 314 1578 Berenice
323 1523 454 1579 iuvenilis
465 1525 586 1578 animus:
605 1522 653 1578 sed
661 1524 786 1596 gerendis
794 1525 876 1579 rebus
885 1524 992 1580 nullum

201 1598 504 1670 eneo'inpedimentum.⁸
534 1599 643 1656 Laetam
652 1597 833 1670 voluptatibus
841 1598 994 1655 adolescen-

201 1671 258 1726 tiam
267 1675 327 1746 egit,
339 1691 392 1730 suo
402 1691 485 1746 quem
495 1674 578 1744 petris
593 1669 708 1743 imperio
720 1673 873 1730 modestior.
909 1675 994 1748 Igitur

201 1761 267 1802 oram
275 1749 391 1804 Achaiae
400 1757 425 1804 et
435 1747 523 1813 Asine,
534 1764 565 1802 ec
574 1746 649 1801 laeva
658 1749 741 1802 maris
750 1757 915 1818 praevectus,
922 1749 995 1805 Rho-

201 1819 260 1876 dnm
273 1833 298 1879 et
311 1824 435 1899 Cyprum
448 1821 561 1887 insulas,
582 1821 646 1877 inde
659 1821 774 1895 Syriam,
794 1823 994 1878 audentioribus

202 1899 286 1966 spatiis
298 1901 413 1970 petebat.
453 1897 541 1970 Atque
554 1896 630 1952 ilium
642 1896 740 1968 cupido
750 1898 868 1961 incessit,
879 1896 994 1953 adeundi

202 1971 352 2046 visendique
372 1973 504 2044 tempium
523 1971 639 2044 Paphiae
653 1972 774 2037 Veneris,
794 1971 928 2045 inclytum
946 1987 993 2044 per

202 2045 331 2120 indigenas
341 2049 522 2120 advenasque.
556 2047 633 2104 Hand
643 2046 722 2102 inerit
731 2045 853 2121 longum,
866 2047 942 2103 initis
952 2064 994 2101 re-

203 2117 310 2193 ligionis,
324 2122 418 2195 templi
432 2125 524 2188 ritum,
540 2121 653 2178 formam
663 2121 727 2178 deae
739 2121 918 2196 (nequeenim
928 2121 993 2178 aiibi

204 2195 365 2272 sichohetur)
377 2199 470 2269 paucis
480 2198 619 2254 disserere.
721 2245 725 2252 .
907 2261 909 2266 ἢ

251 2275 275 2328 3.
296 2269 463 2330 Conditorem
477 2272 570 2344 tempii
580 2288 675 2345 regem
690 2271 786 2326 herion
801 2280 878 2328 vetus
890 2288 994 2328 memo-

203 2345 246 2411 rie,
265 2349 376 2419 quidam
389 2349 477 2419 ipsius
489 2347 553 2402 dece
567 2363 664 2410 nomen
678 2347 708 2402 id
719 2347 871 2418 perhibent.
910 2348 993 2403 Fama

204 2423 321 2478 recentior
329 2421 419 2488 tradit,
432 2423 556 2496 eCinyra
565 2430 699 2478 merehem
707 2421 993 2494 tempium,·deomque

204 2493 291 2563 ipsam,
303 2506 455 2568 conceptam
466 2499 543 2563 mari,
555 2497 609 2552 hue
618 2496 768 2568 adpulsam.
792 2496 845 2552 Sed
853 2498 992 2554 scientium

206 2577 333 2644 artemque
351 2571 525 2644 haruspicum
544 2572 671 2640 edeitem;
692 2580 719 2626 et
735 2571 845 2627 Cilicem
858 2573 993 2628 Tamiram

205 2641 331 2702 intulisse:
352 2655 432 2720 etque
445 2649 482 2702 ite
495 2655 613 2719 pactum,
628 2654 661 2702 ut
669 2645 786 2702 familias
793 2647 936 2720 utriusque
944 2665 993 2720 po·

206 2721 262 2774 steri
274 2722 440 2779 caerimoniis
454 2722 643 2794 praesiderent.
681 2722 753 2787 Mox,
767 2721 994 2779 uehonorenullo

207 2794 301 2866 regium
317 2803 405 2870 genus
424 2799 592 2872 peregrinam
607 2797 720 2869 stirpem
731 2796 910 2864 ιιιιιιιιιιὶίιιιιιἸ
922 2797 991 2866 ipse,

207 2882 280 2937 quem
289 2870 441 2938 intulerant,
451 2873 561 2928 seientia
571 2867 689 2943 hospites
699 2887 815 2928 cessere:
835 2877 940 2924 tentum
948 2868 995 2923 Ci-

207 2945 310 3015 nyrades
322 2947 445 3004 sacerdos
458 2947 616 3010 consulitur,
632 2989 635 2997 ,
656 2946 771 3009 Hostiae,
782 2951 813 3000 nt
821 2944 995 3013 quisqnevo·
