2559 3692
296 455 328 510 to
527 440 858 527 'urs'roarauuu
957 453 1101 524 (ausos.

295 560 484 633 praefecturam
496 560 611 634 vigilum
619 570 646 616 et
654 563 778 633 praetorii
788 571 814 616 et
821 562 872 618 aliu
883 563 1103 634 praemiavirtu-

246 629 251 672 ¹
294 635 1008 708 tumquiavelooiuseratvitiisadeptus,orudelitatem
1018 655 1098 701 mox,

293 710 389 767 deinde
399 711 537 766 avaritiam
546 719 572 764 et
583 711 670 766 virilia
679 711 778 766 seelera
787 713 914 776 exercuit,
920 719 1052 783 eourupto
1062 711 1101 766 ad

293 801 373 840 omno
392 783 496 851 facinus
509 785 626 853 Nerone3
647 785 779 858 quaedam
797 787 890 859 ignaro
901 803 993 851 ausus,
1005 803 1100 857 aepo-

294 867 392 916 stremo
402 859 523 914 eiusdem
531 859 825 932 desertoraoproditor.
860 860 935 915 Unde
944 877 997 916 nou
1007 861 1098 917 alium

293 934 456 1006 pertinacius
478 933 512 990 ad
533 951 647 1004 poenam
668 933 831 1008 flagitavere,
854 934 959 990 diverso
978 933 1096 999 adfectu,

294 1009 398 1080 quibus
413 1007 505 1062 odium
519 1008 632 1064 Neronis
645 1009 738 1074 inerat,
759 1017 785 1064 et
800 1009 902 1080 quibus
915 1009 1093 1064 desiderium.

293 1081 379 1154 Apud·
384 1081 495 1137 Galbam
506 1083 537 1138 T.
549 1083 622 1139 Vinii
631 1086 747 1154 potentia
757 1083 892 1149 defensus,
902 1086 1092 1155 praetexentis,

292 1165 424 1212 servotum
437 1160 471 1211 ab
484 1175 513 1212 eo
525 1161 615 1227 fillum.
653 1159 687 1212 Et
696 1158 769 1212 hand
777 1159 859 1214 dubie
866 1168 1027 1223 servaverat,
1037 1155 1095 1214 no'n

293 1230 443 1295 elementia,
458 1231 559 1302 quippe
571 1231 776 1297 totinterleetis,
797 1233 845 1286 sed
859 1232 956 1306 effugio
974 1233 1003 1287 in
1018 1232 1095 1288 tutu-

293 1322 369 1372 rum3
391 1305 456 1376 quia
469 1307 604 1376 pessimus
616 1307 743 1378 quisque,
757 1305 902 1361 diffidentia
909 1308 1093 1379 praesentium

293 1379 467 1434 mutationem
480 1397 591 1451 pavens,
606 1380 736 1436 adversus
748 1381 888 1453 publicum
897 1383 989 1437 odium
1000 1383 1093 1454 priva·

238 1470 240 1474 ’
269 1455 271 1460 ’
293 1463 348 1509 tam
362 1455 474 1528 gratiam
487 1462 637 1527 praeparat,
659 1455 731 1509 unde
745 1456 820 1510 nulla
837 1456 1002 1525 innooentiae
1013 1473 1089 1522 eura,

294 1528 341 1584 sed
349 1529 422 1584 vices
432 1529 460 1583 in
480 1530 598 1584 unitatis.
636 1529 675 1586 Eo
684 1529 947 1603 infensiorpopulus,
958 1531 1045 1586 addita
1057 1532 1091 1587 ad

293 1611 371 1660 vetus
381 1545 505 1676 Tigellini
515 1603 606 1660 odium
617 1606 715 1660 reeenti
725 1605 756 1660 T.
767 1605 840 1660 Vinii
851 1607 967 1661 invidia:
978 1623 1092 1661 ooneur·

294 1695 351 1734 rere
364 1695 379 1733 o
392 1686 444 1734 tota
458 1679 525 1734 urbe
538 1680 567 1735 in
582 1678 715 1752 palatium
727 1698 759 1735 ao
773 1679 838 1744 lora,
853 1687 887 1745 et,
908 1681 956 1734 ubi
971 1680 1090 1752 plurima

292 1753 369 1828 vulgi
380 1753 494 1819 licentia,
505 1755 535 1810 in
545 1755 648 1810 circum
656 1771 687 1810 ao
695 1755 795 1822 theatra
804 1755 891 1819 effusi,
903 1755 1036 1817 seditiosis
1041 1773 1090 1810 vo·

293 1830 370 1884 cibus
387 1828 552 1901 obstrepere:
573 1829 656 1885 donee
670 1829 827 1903 Tigellinus,
842 1839 948 1901 aooepto
961 1830 1033 1902 apud
1045 1829 1090 1884 Si·

293 1921 439 1964 nuessanae
458 1923 541 1976 aquas
561 1921 702 1976 supremae
716 1905 879 1958 nenessitatis
895 1906 999 1970 nuntio,
1020 1906 1090 1960 inter

292 1988 385 2050 stupra
399 1979 607 2034 concubinarum
621 1985 647 2032 et
660 1978 749 2033 oscula
762 1985 788 2033 et
797 1977 928 2033 deformes
937 1997 1034 2043 moras,
1045 1997 1089 2034 se-

292 2049 342 2108 otis
357 2053 484 2108 novacula
500 2051 632 2117 faucibus,
647 2052 774 2107 infamem
787 2053 870 2108 utam
884 2052 998 2109 foedavit
1009 2056 1088 2109 etiam

293 2130 366 2186 exitu
376 2147 435 2184 sero
444 2137 471 2185 et
479 2129 626 2184 inhonesto.

347 2205 391 2258 73.
412 2203 462 2258 Per
479 2203 550 2258 idem
569 2209 676 2273 tempus
695 2202 858 2274 expostulata
876 2202 911 2258 ud
923 2203 1087 2275 supplicium

293 2278 387 2336 Galvia
407 2276 560 2349 Crispinilla
579 2276 662 2332 variis
682 2276 911 2344 frustrationibus,
934 2287 961 2333 et
977 2278 1088 2334 adversa

202 2397 205 2404 .
292 2353 487 2409 dissimulantis
499 2352 636 2424 principis
654 2351 738 2417 lama,
761 2353 880 2424 periculo
897 2361 1019 2424 exempta
1037 2362 1086 2408 est.

269 2452 273 2462 ¹
292 2430 417 2503 Magistra
427 2428 569 2483 libidinum
580 2425 702 2492 Neronis,
717 2436 880 2502 transgressa
890 2429 919 2482 in
928 2427 1044 2497 Africam
1054 2429 1088 2483 ad

292 2502 475 2576 instigandum
485 2503 514 2556 in
525 2519 597 2558 arma
602 2502 731 2558 *Clodium
740 2504 870 2568 Macrum,
882 2501 979 2556 lumem
989 2503 1088 2574 populo

292 2578 368 2634 Rom.
381 2576 573 2631 haudobseure
582 2577 686 2643 molita,
705 2575 785 2635 totius
794 2586 883 2650 postea
898 2578 1012 2632 eivitatis
1026 2595 1089 2650 gra·

293 2654 358 2708 tiam
366 2651 495 2715 obtinuit,
516 2652 649 2708 oonsulari
658 2653 827 2708 matrimonio
840 2653 965 2718 subnixa,
977 2660 1003 2706 et
1016 2653 1088 2724 apud

225 2728 232 2744 '
294 2726 415 2791 Galbam,
428 2724 567 2792 Othonem,
579 2727 716 2784 Vitellium
731 2727 845 2782 inlaesa:
865 2730 930 2782 mox‘
938 2735 1030 2798 potens
1041 2724 1089 2798 pe-

292 2802 372 2856 cunia
383 2807 408 2856 et
417 2801 535 2866 orbitate,
542 2819 610 2874 quae
618 2803 696 2858 bonis
703 2802 836 2874 malisque
843 2802 1006 2873 temporibus
1013 2802 1087 2856 iuxta

293 2875 390 2932 valent.
423 2921 424 2926 ,

347 2951 389 3006 tl.
411 2950 523 3007 Crebrae
538 2927 654 3014 interim,
671 2958 696 3006 et
709 2950 886 3024 muliebribus
898 2913 1087 3009 blandimentis
