2559 3692
222 469 343 552 scat)
460 479 538 524 urs.
557 475 578 524 t
599 477 686 524 cnr.
707 477 794 524 a-a.
1003 475 1020 529 t

220 578 397 654 atrocioribus
411 577 501 650 populi
513 577 593 633 Rom.
609 577 740 644 cladibus,
761 574 882 652 magisve
890 581 968 636 iustis
977 583 1020 637 in-

220 652 299 708 diciis
315 652 493 724 adprobatum
504 661 552 718 est,
564 669 618 708 nou
629 651 687 709 ess'e
698 670 777 708 curae
786 654 844 709 deis
854 658 1019 711 securitatem

220 735 350 792 nostram,
362 741 421 784 esse
430 727 566 783 ultionem.
948 759 952 766 ·

278 803 303 858 l.
325 800 458 870 Ceterum,
474 810 616 876 antequam
629 801 758 856 destinata
768 801 935 874 componam,
946 821 1021 876 repe-

220 873 331 932 teridum
338 877 452 944 videtur,
465 876 554 951 qualis
564 875 744 942 statusurhis,
754 893 824 948 quae
833 893 910 932 mens
920 881 1021 934 exerci-

220 959 310 1016 tuum,
331 947 393 1023 quis
408 951 516 1007 habitus
529 951 739 1023 provinciarum,
759 951 826 1024 quid
838 952 867 1006 in
876 960 930 1008 toto
939 960 1021 1009 terra-

220 1043 284 1080 rum
298 1026 362 1080 orbe
374 1025 505 1092 validum,
517 1025 587 1098 quid
599 1043 710 1100 aegrum
723 1025 815 1095 fuerit3
836 1034 932 1082 utnon
942 1029 1020 1084 m'odo

219 1117 301 1154 casus
316 1107 480 1172 eventusque
494 1115 594 1166 rerum,
608 1101 657 1174 qui
666 1100 826 1173 plerumque
837 1098 936 1157 fortuiti
945 1111 1018 1168 sunt,

219 1175 271 1230 sed
283 1176 349 1230 ratio
362 1176 442 1246 etiam
456 1192 618 1248 caussaeque
630 1185 782 1231 noscantur.
795 1184 798 1189 '
822 1175 898 1231 Finis
907 1171 1019 1232 Neronis
1119 1227 1122 1231 J

219 1255 253 1304 ut
272 1246 356 1304 laetus
368 1250 456 1322 primo
469 1250 643 1324 gaudentium
655 1247 759 1322 impetu
771 1248 865 1315 luerat,
885 1251 922 1306 ita
931 1254 1019 1308 varios

219 1329 311 1400 motus
321 1325 471 1380 animorum
480 1342 534 1380 non
543 1323 622 1380 modo
631 1325 660 1379 in
667 1325 734 1379 urbe
743 1323 815 1397 apud
823 1332 911 1398 patres
920 1335 1020 1398 autpo-

218 1396 323 1470 pulum
335 1397 380 1454 au't
393 1399 527 1458 urbanum
541 1398 664 1465 militem,
680 1399 728 1454 sed
739 1414 832 1454 omnes
843 1397 959 1472 legiones
968 1401 1020 1456 du-

220 1471 321 1545 cesque
329 1474 486 1540 conciverat,
494 1473 616 1548 evulgato
625 1475 732 1546 imperii
741 1475 848 1538 artesano,¹
857 1490 936 1545 posse
943 1476 1019 1546 prin—

212 1547 309 1621 oipem
320 1547 392 1615 alibi,
405 1565 486 1622 quarn
496 1549 594 1616 Romae
604 1547 671 1604 fieri.
697 1547 749 1604 Sed
756 1557 846 1620 patres
856 1549 930 1615 laeti,'
938 1567 1020 1605 usur-

218 1629 282 1694 pata
292 1623 380 1677 statim
391 1622 519 1690 libertate,
541 1623 674 1687 licentius,
694 1630 724 1678 ut
738 1621 799 1698 erga
811 1625 961 1696 principem
971 1643 1020 1679 no-

219 1713 288 1756 vum
302 1705 328 1752 et
341 1698 490 1767 absentem3
511 1695 641 1770 primores
654 1699 775 1773 equitum
792 1699 908 1771 proximi
921 1700 1020 1777 gaudio

218 1779 341 1844 patrum;
361 1790 425 1845 pars
434 1772 528 1852 populi
537 1773 639 1846 integra
652 1780 677 1826 et
688 1771 793 1845 maguis
803 1772 927 1830 domibus
937 1791 1020 1829 anne-

218 1845 381 1912 xaqclientes
391 1846 534 1920 libertique
542 1845 727 1902 damnatorum
738 1853 764 1901 et
772 1846 896 1901 exsulum
904 1848 935 1903 in
943 1866 1018 1920 spem

218 1922 315 1976 erecti:
334 1923 411 1998 plebs
431 1921 537 1978 sordida
551 1930 577 1978 et
589 1922 660 1979 circo
671 1939 702 1978 ac
711 1921 821 1996 theatris
832 1928 916 1987 sueta,
925 1937 929 1944 ·
937 1922 1018 1978 simul

218 1997 357 2052 deterrimi
367 1993 514 2064 seruorum,
527 2005 572 2069 aut
582 1998 640 2070 qui,
652 1998 739 2052 adesis
748 1997 836 2063 bonis,
847 2014 896 2070 per
905 1996 1019 2053 dedecus

217 2072 334 2127 Neronis
344 2071 490 2140 alebantur,
501 2073 595 2128 maesti
605 2081 630 2127 et
639 2089 780 2128 rumorum
790 2073 871 2128 aridi.
954 2132 957 2140 .

277 2150 302 2202 5.
323 2147 400 2206 Miles
410 2147 544 2213 urbanus,
561 2146 639 2222 longo
650 2147 794 2214 Caesarum
803 2149 1019 2204 sacramentoin-

217 2223 315 2288 butus,
335 2231 361 2277 et
374 2222 413 2278 ad'
422 2221 618 2288 destituendum
632 2223 763 2279 Neronem
779 2230 833 2278 arte
845 2225 932 2297 magis
942 2232 967 2278 et
975 2225 1019 2278 in-

218 2295 314 2370 pulsu,
326 2313 407 2370 quam
422 2315 470 2354 suo
480 2298 601 2372 ingenio,
616 2298 762 2364 traductus,
777 2305 919 2370 postquam
930 2307 1028 2370 neque.

214 2372 280 2442 'dari
289 2371 454 2440 donatiuum,
466 2373 517 2428 sub
527 2372 738 2446 nomineGalbne
748 2374 922 2446 promissum,
930 2386 1019 2446 neque
1047 2383 1052 2393 ’

215 2446 328 2518 magnis
345 2447 446 2502 meritis
461 2463 491 2502 ac
504 2445 758 2520 praemiiseundem
768 2448 797 2502 iu
810 2460 883 2520 paee,¹
892 2454 976 2520 quem
987 2449 1018 2504 ih

217 2521 305 2585 bello,
326 2520 428 2587 locum,
446 2527 670 2595 praeventamque
682 2523 794 2596 gratiam
805 2521 932 2596 'intelligit
946 2523 1018 2595 apud
1086 2571 1089 2575 ,

216 2596 371 2669 principem
385 2612 399 2650 a
414 2596 562 2670 legionibus
578 2595 691 2665 fectum3
712 2613 813 2669 pronus
827 2596 861 2651 ad
869 2613 952 2653 novas
962 2615 1016 2664 res,

216 2665 320 2726 scelere
328 2671 443 2742 ,insuper
456 2671 615 2745 Nymphidii
625 2671 858 2744 Sabiuipraefecti,
872 2671 1017 2744 imperium

217 2739 275 2800 sihi
295 2741 439 2812 molientis,
459 2747 581 2820 agitatur.
619 2746 655 2801 Et
667 2745 851 2820 Nymphidius
865 2747 975 2818 quidem
988 2749 1017 2804 in

216 2821 281 2950 {ppo
290 2827 384 2875 conatu
394 2836 550 2892 oppressus:
572 2819 1017 2894 sedquamvisca'pitedelectionis

242 2882 318 2970 ulam,
327 2895 593 2969 manebatplerisque
602 2895 727 2951 militum
732 2895 905 2963 conscientia3
917 2894 1019 2961 haeder

217 2978 296 3025 erant
310 2985 454 3036 sermones,
469 2975 660 3041 contemnitque
672 2974 814 3024 auaritiam
827 2968 925 3026 Golboe'
932 2967 1019 3019 incre-
