2559 3692
194 443 219 481 i.
232 423 317 498 ero.)
402 407 477 480 nn.
497 433 532 480 rr.
554 433 633 488 cnr.
655 432 777 480 ra-rs.
962 429 996 484 os

192 533 393 589 maritimarum
406 532 525 605 Alpium.
565 532 671 600 Quibus
691 531 824 588 munds
841 534 997 607 adgredien-

192 609 299 680 daeque
317 607 471 680 provinciae
488 608 654 664 Narbonensi
671 606 801 662 Suedium
821 606 994 677 Clementem,

192 683 343 740 Antonium
353 681 504 750 Nouellum,
514 682 661 739 Aemilium
670 683 814 737 Pacensem
825 682 907 738 duces
916 683 997 740 dede·

192 766 245 815 rat.
264 827 269 834 ἱ
284 757 338 813 Sed
347 757 471 813 Pacensis
480 775 529 830 per
537 757 671 813 licentiam
680 757 799 812 militum
808 757 929 814 vlumus:
940 758 997 813 An·

185 835 267 906 tenio
275 831 387 888 Novello
397 831 471 888 nulla
480 833 636 889 auotoritas:
650 832 767 899 Suedius
776 830 900 887 Clemens
909 834 997 888 ambi·

193 911 263 966 tineo
271 907 390 980 imperio
399 907 515 981 regebat,
529 915 560 962 ut
568 907 697 973 adversus
706 907 862 962 modestiam
875 907 997 980 discipli-

193 979 747 1055 naeccnruptus,itupmeliorunravidus.
764 982 906 1038 Nonltalie
916 983 996 1052 adiri,

193 1076 245 1115 neo
254 1057 313 1114 loca
321 1057 452 1130 sedesque
460 1056 743 1129 patriatuidebenture
762 1064 899 1131 tamquam
910 1067 996 1113 exter-

192 1151 229 1192 na
243 1132 321 1189 litora
338 1139 367 1187 et
379 1131 593 1188 urbesshostium
605 1147 694 1196 urere,
714 1140 827 1197 vastare
837 1149 943 1205 rapere:
964 1149 996 1190 sc

193 1209 323 1272 atrocius,
338 1205 412 1280 quod
425 1205 494 1262 nihil
508 1222 625 1279 usquam
635 1207 775 1277 provisum
784 1207 927 1264 adversum
937 1225 996 1263 me-

192 1293 250 1340 tus.
290 1281 366 1338 Pleni
375 1281 443 1356 agri,
455 1289 559 1354 apertae
567 1281 675 1337 domus.
707 1280 994 1339 Occursantesdomiui

192 1361 271 1417 iuxta
284 1359 417 1432 coniuges,
425 1363 452 1411 et
464 1355 563 1412 liberos
575 1356 716 1411 securitate
726 1357 801 1430 pacis
813 1365 839 1412 et
851 1357 914 1412 belli
924 1357 995 1413 male

193 1432 482 1490 circumveniebantur.
502 1431 650 1487 Maritimae
663 1439 720 1485 tum
730 1430 811 1504 Alpes
820 1433 925 1488 tenebat
933 1449 995 1504 pro·

193 1513 301 1565 curator
318 1504 419 1563 ldarius
436 1507 566 1562 Maturus.
606 1507 632 1561 ls
649 1507 751 1561 concita
763 1517 841 1580 gente
854 1507 913 1582 (nec
922 1508 992 1563 deest

193 1580 333 1655 iuventus)
342 1597 430 1638 arcere
438 1582 591 1655 provinciae
597 1579 865 1638 linibusOtboniancs
870 1583 992 1639 intendit.

194 1657 248 1715 Sed
257 1658 346 1730 primo
356 1657 449 1729 inpetu
460 1657 531 1711 caesi
540 1656 699 1728 disiectique
707 1658 870 1722 montani‚ut
881 1657 993 1730 quibus,

194 1742 296 1790 temere
305 1731 440 1798 conlectis,
451 1747 505 1786 non
515 1739 610 1795 castra,
624 1747 678 1785 nen
685 1729 782 1785 ducem
790 1733 992 1798 poenitentibus,

195 1815 446 1938 ”tistulis
455 1804 1001 1952 itttttuuzltuittttu

195 1957 377 2029 municipium
387 1954 497 2011 Albium
507 1952 692 2012 Intemeliurni
712 1953 994 2027 quippeinacienibil

194 2031 323 2106 praedae:
343 2031 438 2103 inopes
450 2038 566 2105 agrestes
579 2030 775 2086 etviliaarma:
796 2047 846 2084 nec
854 2031 994 2103 eaplpote·

196 2115 266 2173 rant,
280 2106 377 2180 pernix
389 2121 476 2180 genus
489 2115 515 2161 et
525 2106 602 2180 gnari
613 2104 741 2161 locorum.
779 2103 830 2160 Sed
839 2104 996 2161 calamitati-

196 2184 250 2240 bus
258 2181 408 2238 insontium
417 2179 521 2253 expleta
530 2181 650 2237 avaritie.
686 2179 995 2254 duxitinvidiamprae-

195 2257 268 2314 claro
280 2254 515 2328 exemplo-femina
523 2255 618 2330 ligus,
631 2271 702 2328 quae
711 2253 767 2311 filio
775 2255 874 2322 abdito,
884 2273 947 2315 cum
957 2258 994 2311 si-

195 2331 255 2390 mul
264 2332 407 2404 pecuniam
412 2329 541 2386 occultari
550 2330 650 2385 milites
659 2329 842 2397 credidissent,
853 2347 938 2405 ecque
945 2346 994 2404 per

195 2407 331 2464 ancletus
344 2406 543 2481 interrogarent,
558 2403 605 2460 ubi
617 2409 703 2476 lilium
719 2404 865 2461 occulant?
887 2415 994 2462 uterum

195 2481 349 2547 ostendens,
366 2484 446 2536 latere
460 2479 605 2554 respondit.
644 2479 700 2536 Nec
710 2479 777 2537 ullis
784 2480 995 2538 deindeterrori-

196 2558 260 2621 bus,
271 2563 319 2612 sut
327 2563 420 2620 morte,
430 2555 604 2611 abstentiam
612 2557 687 2612 vocis
696 2556 817 2630 egregiae
824 2557 947 2612 mnuvit.

254 2633 306 2688 la·
316 2631 449 2686 Inminere
461 2631 614 2702 provinciae
627 2630 804 2696 Narbonensi,
816 2629 846 2685 in
858 2631 939 2686 verba
947 2632 996 2686 Vi-

196 2706 263 2762 tellii
283 2704 399 2770 adactae,
419 2703 531 2761 classem
544 2705 667 2770 Othonis,
687 2704 770 2760 Fabio
779 2705 881 2760 Valenti
898 2706 994 2777 trepidi

196 2781 286 2838 nuntii
296 2777 423 2835 adtulere.
462 2778 579 2834 Aderant
587 2778 667 2854 legati
676 2779 849 2845 coloniarum,
862 2780 995 2834 auxilium

194 2863 310 2913 orantes.
340 2855 420 2910 *Duas
430 2855 600 2928 Tungrorum
607 2854 738 2919 somnes,
750 2862 864 2926 quatuor
873 2855 995 2924 equitum

195 2940 311 2995 turmas,
321 2928 476 2988 universam
486 2927 741 2986 Treverorum-alam
751 2925 996 3052 cgmluliosslassl—

235 3005 342 3060 Tacrrcs
360 3004 394 3060 ll.
585 3039 590 3050 ·
793 3005 796 3013 “
