2559 3692
291 435 342 490 252
458 440 486 485 G.
507 438 731 484 CORNELIUS
750 438 917 484 TACITUS

291 540 370 596 certis
388 538 494 605 diebus,
514 556 578 593 cum
595 547 642 593 aut
655 538 794 593 inchoatur
808 538 882 604 luna,
898 547 944 593 aut
958 537 1097 610 inpletur:

290 632 354 670 nam
368 614 478 688 agendis
492 614 573 669 rebus
586 614 637 669 hcc
651 613 897 685 auspicatissimum
910 614 1028 669 initium
1042 632 1100 669 cre-

290 690 366 745 dunt.
406 690 461 744 Nec
479 689 585 744 dierum
598 704 753 753 numerum,
774 695 804 743 ut
818 705 876 753 nos,
898 688 946 743 scd
959 690 1097 753 noctium,

291 771 453 836 computent.
492 762 717 827 Siccenstituunt,
729 763 769 817 sic
778 762 931 821 condicunt.
971 763 1099 819 Nondu-

290 856 350 894 cers
358 838 431 894 diem
440 839 555 894 videtur.
582 838 652 893 lllud
663 856 696 893 ex
705 836 824 893 libertate
834 838 942 903 vitium,
954 838 1035 911 quod
1045 856 1098 894 non

290 912 373 969 simul
384 930 433 969 nec
441 913 549 969 utiussi
559 914 731 976 conveniunt,
745 912 828 967 sedet
836 911 901 967 alter
911 920 937 967 et
945 914 1048 969 tertius
1057 914 1098 969 di-

290 990 495 1045 escunctaticne
502 988 656 1042 coeuntium
666 987 826 1042 absumitur.
847 987 881 1041 Ut
890 986 971 1041 turba
979 987 1095 1059 placuit,

290 1063 433 1119 considunt
444 1063 549 1117 armeti.
587 1060 730 1117 Silentium
747 1078 795 1133 per
810 1060 970 1127 sacerdotes,
990 1064 1095 1135 quibus

290 1147 349 1193 tum
358 1145 385 1193 st
393 1136 529 1192 coercendi
538 1136 583 1190 ius
592 1144 641 1202 est,
653 1138 807 1208 imperatur.
833 1136 896 1191 llcx
904 1154 954 1191 rex
963 1136 1009 1191 vel
1020 1140 1096 1209 prin-

290 1225 363 1285 ceps,
383 1218 542 1283 pruutaetue
551 1212 659 1283 cuique,
681 1219 760 1283 prout
768 1210 901 1277 nobilitas,
918 1220 1002 1285 propt
1012 1212 1094 1268 decus

290 1286 432 1351 bellorum,
452 1293 531 1357 prout
545 1284 670 1341 facundia
684 1293 738 1350 est,
760 1285 914 1351 audiuntur,
937 1289 1094 1343 auctoritate

290 1359 420 1417 suadendi
428 1361 526 1434 magis,
536 1378 621 1433 quam
629 1361 740 1417 iubendi
749 1368 884 1433 potestate.
913 1358 942 1415 si
951 1362 1094 1433 displicuit

291 1436 429 1502 scatentia,
450 1434 558 1491 fremitu
578 1444 767 1507 aspernantur3
788 1436 832 1493 eiu
846 1434 956 1507 placuit,
976 1434 1092 1493 famem

290 1511 453 1566 concutiunt.
491 1511 732 1566 lloncratissimum
746 1510 876 1565 adsensus
885 1527 974 1583 genus
984 1520 1038 1577 est,
1053 1530 1092 1567 nr-

289 1584 469 1640 mislaudare.

345 1663 387 1718 ⁴2.
398 1661 482 1715 licet
494 1659 567 1732 apud
578 1659 722 1717 concilium
737 1658 863 1715 edcusare
875 1676 986 1731 quoque
1001 1670 1030 1716 et
1038 1662 1091 1717 dis·

289 1735 392 1791 crimen
403 1736 497 1807 cupitis
506 1734 651 1791 intendere.
690 1735 828 1789 Distiuclio
841 1750 990 1806 poenarum
1001 1752 1038 1793 ex
1047 1736 1090 1791 de-

290 1809 361 1867 lictc.
400 1810 547 1866 Pecditcres
557 1808 743 1883 ettrnusfugas
752 1809 892 1865 arboribus
901 1810 1087 1881 suspendunt:

289 1887 401 1959 ignavus
414 1893 440 1940 et
452 1884 565 1940 inbelles
574 1892 601 1939 et
608 1902 716 1955 curpcrs
726 1884 839 1939 infamas
849 1898 929 1940 coeno
938 1902 971 1939 uc
979 1886 1087 1957 palude,
1139 1910 1140 1943 l

288 1961 384 2016 iniecta
402 1962 514 2032 insuper
526 1967 606 2024 crate,
628 1967 762 2033 mergunt.
801 1959 946 2015 Diversitus
960 1960 1088 2032 supplicii
1139 1958 1140 2033 l

289 2036 355 2091 illuc
368 2037 484 2107 respicit,
504 2042 641 2105 nmquam
656 2034 754 2089 scelera
763 2033 866 2089 ostendi
875 2042 1002 2106 oporteat,
1024 2036 1087 2090 dum
1139 2034 1140 2099 g

288 2112 449 2183 puniuntur,
460 2108 558 2183 flagitia
567 2108 703 2164 abscondi.
733 2108 820 2164 Sedet
829 2108 975 2165 levioribus
985 2109 1087 2165 delictis
1139 2108 1140 2141 ³

289 2200 338 2257 pru
346 2186 425 2240 modo
434 2202 527 2256 poena.
563 2184 704 2256 Equorum
712 2200 893 2257 pecorumque
902 2202 1018 2243 numero
1028 2203 1088 2241 con-
1139 2192 1140 2251 j

289 2260 354 2314 victi
372 2259 528 2315 multantur.
567 2258 750 2314 Parsmultae
764 2260 821 2333 regi
835 2259 878 2315 vel
893 2260 1011 2325 civitati·
1028 2278 1087 2331 pers
1139 2302 1140 2305 ,

288 2334 352 2406 ipsi,
371 2334 593 2405 quisindicatur,
614 2333 657 2390 vel
672 2334 830 2406 propinquis
850 2335 909 2389 eius
928 2334 1084 2393 exsolvitur.
1139 2338 1140 2353 ¹

288 2409 433 2483 Eliguntur
442 2408 472 2462 in
480 2409 578 2464 iisdem
590 2409 710 2464 conciliis
720 2417 745 2463 et
754 2410 898 2481 principes,
910 2409 959 2481 qui
970 2410 1030 2463 iura
1043 2426 1086 2481 per
1139 2422 1140 2437 ¹

287 2502 371 2559 pegus
380 2484 508 2555 vicosque
516 2483 639 2539 reddunt.
668 2483 1086 2557 Centenisingulisexplebecc-

289 2562 377 2625 mites,
388 2558 623 2615 consiliumsimm
633 2559 819 2625 sternutantes,
830 2559 937 2613 adsunt.

344 2638 386 2689 13.
402 2634 477 2689 Nihil
486 2641 575 2689 autem
584 2650 672 2705 neque
681 2632 803 2704 publicae
813 2650 901 2705 neque
908 2633 1030 2704 privatae
1038 2635 1082 2697 rei,

288 2709 343 2763 nisi
361 2709 466 2773 armati,
486 2716 578 2783 agunt.
617 2708 670 2763 Sed
679 2724 753 2763 erma
766 2725 874 2765 sumere
888 2725 941 2763 uon
955 2716 1017 2763 ants
1030 2710 1084 2763 cui·

288 2800 372 2855 quam
391 2783 488 2847 moris,
512 2800 596 2854 quam
614 2783 709 2839 civitas
731 2782 911 2839 suffecturum·
923 2782 1073 2854 probaverit

289 2858 360 2912 'l'um
373 2858 403 2912 in
416 2858 476 2927 ipso
487 2856 600 2912 concilio
608 2857 651 2913 vel
663 2858 816 2929 principum
828 2856 936 2929 aliquis,
947 2856 991 2911 vel
1002 2865 1079 2927 peter,

289 2932 332 2987 rel
349 2933 537 3004 propinquus,
566 2939 642 2990 scuto
665 2932 820 3003 frameaque
836 2933 960 2987 iuvenem
981 2942 1079 2987 ornant.
1139 2938 1140 2999 ζ
