2559 3692
184 450 252 489 uc.
266 430 313 506 ta.)
391 443 468 498 nra.
492 444 528 490 11.
550 445 637 495 can.
659 445 779 493 an-ae.
954 443 990 498 π

183 547 318 612 decim
333 545 464 612 lapiouam,
482 561 577 614 mopso
589 548 763 617 ipsomtouto,
785 548 991 606 multumne

185 621 272 686 copiis
281 621 388 688 adfore:
403 627 456 673 tum
465 635 557 674 rurum
566 623 778 688 deliberatum,
789 630 823 686 et,
831 627 857 677 si
861 626 990 691 proelium

180 695 339 762 placuisset,
351 697 438 748 nortis
446 697 545 748 uiau'mu
554 703 706 750 certaturos.
788 733 791 740 -

244 769 289 822 33.
310 764 457 826 Acoedebat
475 768 618 824 sententiae
631 768 748 826 Paullini
765 771 868 836 liutius
880 769 987 826 Celsus:

183 841 262 898 idem
274 839 380 914 plaeere
393 841 482 896 Annio
492 841 577 909 Gallo,
588 859 689 914 psum
699 853 761 900 unte
769 844 827 900 dies
837 843 915 916 lapsu
925 847 990 918 equi

184 915 304 982 adflicto,
318 915 406 981 missi,
418 916 467 988 qui
477 916 619 972 eonsilium
629 919 690 974 eius
699 919 992 985 sciscitarentun'retu·

185 991 284 1046 lerunt.
313 989 381 1046 Otho
390 990 744 1062 pronusaddeoertandumz
764 992 914 1055 tatereius
923 995 990 1051 Titi-

185 1083 259 1122 anus
275 1072 302 1120 et
311 1063 459 1136 praefectus
472 1064 596 1136 praetorii
605 1066 744 1134 Proculus,
759 1069 883 1140 inperitia
892 1086 991 1140 prope-

186 1147 288 1206 rantes,
307 1137 440 1196 fortunam
447 1149 475 1196 et
484 1140 547 1198 deos
556 1149 582 1196 et
591 1159 692 1199 numen
702 1141 813 1199 Othonis
822 1143 916 1206 adesse
923 1161 989 1200 oon-

185 1214 269 1280 siliis‚
281 1203 371 1270 adiere
378 1215 710 1282 meatibumtestubautur.
738 1217 986 1290 Neuquisobviam
1007 1218 1010 1225 '

178 1292 227 1358 ¹ire
246 1289 391 1347 sententiae
410 1289 528 1356 auderet,
549 1289 578 1346 in
596 1290 774 1348 adulationem
793 1302 985 1350 ooueeseerant.

187 1363 335 1436 Postquam
344 1364 461 1437 pugnari
468 1363 606 1435 plaoitum,
620 1366 748 1422 interesse
756 1384 863 1441 pugnae
870 1369 987 1440 impera·

187 1448 283 1504 torem,
296 1438 539 1510 uns'eponimelius
549 1438 623 1506 foret,
633 1440 810 1507 dubitavere.=
831 1441 988 1500 Paullinoet

187 1513 267 1570 Celso
286 1514 347 1569 iam·
359 1531 412 1574 non
426 1513 638 1580 adversantibus,
653 1532 687 1572 ne
699 1517 848 1588 prinoipem
856 1518 987 1578 obieetare

186 1585 317 1661 paniculis
327 1588 774 1653 viderentur‚iidemillideterioris
782 1591 989 1649 oonsiliiaueto-

187 1681 231 1720 res
241 1662 392 1736 perpulere,
398 1671 429 1720 ut
438 1663 584 1720 Brixellum
593 1665 753 1730 oouoederet,
759 1683 800 1731 ao,
810 1665 900 1722 dubiis
909 1684 987 1739 proe-

187 1738 452 1810 liorum-exemptus,
468 1755 590 1794 summae
602 1755 693 1794 rerum
703 1747 731 1794 et
738 1740 845 1811 imperii
855 1758 885 1796 se
895 1743 986 1812 ipsum

187 1820 345 1870 reservaret.
383 1813 410 1868 Is
423 1814 528 1885 primus
538 1812 595 1868 dies
606 1811 768 1871 Othonianas
777 1823 864 1884 partes
873 1815 984 1871 addixit.

187 1890 313 1962 Namque
323 1895 349 1943 et
357 1904 420 1944 eum
429 1888 488 1960 ipso
496 1889 687 1960 praetoriarum
697 1887 845 1944 uuiortium
858 1896 987 1960 etspeeu-

187 1963 304 2022 latorum
371 1964 492 2036 'tumque
508 1962 597 2020 valida
610 1979 709 2020 manus
720 1962 853 2027 disoessit,
864 1970 890 2018 et
900 1980 987 2018 rema-

188 2039 330 2096 nentium.
356 2045 429 2094 aotus
448 2037 569 2096 enimus:
594 2038 703 2110 quando
721 2041 840 2109 suspecti
853 2037 945 2103 duees,
960 2048 987 2096 et

188 2113 267 2180 Otho,
281 2113 326 2168 oui
335 2112 385 2168 uni
395 2113 466 2184 apud
475 2112 587 2170 militem
598 2113 674 2178 fides,
690 2113 757 2170 dum
766 2121 792 2170 et
801 2114 921 2185 ipsenon
931 2115 985 2170 nisi

188 2187 323 2246 militibus
333 2187 425 2254 eredit,
434 2187 546 2260 imperia
555 2187 804 2246 duoumiuineerto
812 2187 964 2261 reliquerat.

243 2265 287 2320 dl.
307 2262 383 2318 Nihil
397 2279 488 2320 eorum
497 2261 651 2326 Vitellianos
665 2261 779 2328 fallebat.
789 2263 904 2325 crebris,
917 2273 946 2320 ut
955 2265 984 2322 in

187 2337 262 2396 civili
275 2337 356 2404 bello,
373 2335 542 2412 transfugiis:
563 2336 788 2409 etexploratores,
803 2355 868 2394 eura
879 2339 985 2395 diversa

188 2411 354 2476 moriundi,
372 2429 426 2467 'sua
444 2429 504 2468 nou*
516 2411 690 2469 uoeultabant.
729 2411 818 2479 Quieti
836 2413 985 2485 intentique

188 2487 300 2544 Caecina
315 2485 465 2554 novalem,
484 2486 593 2558 quando
605 2487 690 2545 hostis
703 2486 873 2559 inprudentia
884 2496 982 2552 rueret,

188 2563 260 2636 quod
270 2560 659 2633 loeo-sapientiaeeat,aliensm
667 2561 985 2634 stultitiamopperieban·

187 2647 245 2704 tur,-
256 2637 380 2694 inchoato
392 2645 471 2708 ponte
485 2639 626 2695 transitum
639 2636 704 2692 Pedi
712 2635 879 2702 simulantes,
890 2636 986 2692 adver·

188 2731 235 2768 sus
243 2712 393 2784 oppositam
402 2709 577 2786 gladiatorum
585 2728 708 2777 manum,
717 2729 749 2770 ae
758 2728 793 2766 ne
801 2711 921 2782 ipsorum
932 2713 986 2768 mir

188 2785 226 2843 les
245 2803 329 2860 segne
346 2783 431 2852 otium
449 2793 550 2858 terem.
588 2787 687 2852 Navae,
702 2787 760 2858 puri
772 2787 982 2857 intersespatio‚

188 2861 285 2918 validis
299 2862 437 2934 utrimque
448 2861 567 2917 trabibus
582 2878 726 2926 nonnemo,
737 2859 880 2917 adversum
891 2861 921 2914 in
930 2859 986 2925 ¹llu-

189 2954 249 2994 men
258 2936 534 3012 dirigebantur.iaotis
543 2952 625 3008 super
632 2933 985 3006 anoouis‚quaefirmitatem
