2559 3692
176 445 288 520 nouo.)
388 456 467 503 urs.
484 457 505 502 1.
527 457 615 504 cor.
637 455 757 535 et-oo.
936 453 969 507 tt

175 557 346 628 praecipuum
369 558 548 632 pessimorum
573 558 792 624 incitamentum,
810 558 882 628 quod
906 557 970 614 boni

174 631 330 688 maerebant.
852 657 855 664 ·

222 709 263 762 39.
285 707 345 762 lam
365 708 507 760 exterritus
523 707 584 762 Piso
602 705 710 762 fremitu
724 707 915 763 crebrescentis
928 724 971 762 se-

172 780 290 846 ditionis,
314 789 341 835 et
365 780 478 839 vocibus
497 782 526 836 in
550 781 646 836 urbem
666 798 755 854 usquo
773 782 970 858 resonantibus,

174 873 306 928 egressum
321 856 432 910 interim
448 855 571 922 Galbam,
591 863 617 910 ot
629 855 687 912 foro
701 857 970 929 adpropinquantem,

175 929 308 987 adsecutus
322 941 395 986 erat:
418 931 471 986 iam
486 931 587 986 Marius
602 930 697 988 Celsus
710 932 783 988 haud
795 931 862 987 laeta
874 931 971 986 retule-

176 1012 222 1061 rat:
241 1023 304 1060 oum
314 1003 375 1070 elii,
387 1010 416 1060 io
424 1009 553 1072 palatium
561 1010 657 1072 redire,
668 1005 724 1071 alii,
737 1007 894 1076 Capitolium
899 1016 953 1074 petr

175 1097 207 1143 re,
220 1079 352 1153 plerique,
369 1089 460 1138 rostra
473 1085 634 1150 occupando,
650 1088 797 1148 pensarent,
811 1081 903 1154 plures
912 1091 973 1136 tan·

175 1161 227 1210 tum
239 1155 381 1212 sententiis
396 1154 511 1210 aliorum
519 1155 735 1221 eontradioerent,
750 1165 835 1228 utque
844 1157 933 1211 evenit
941 1157 970 1211 in

175 1229 286 1286 oonsiliis
300 1229 468 1295 infelicibus,
484 1231 584 1302 optima
598 1231 760 1296 viderentur,
775 1249 893 1303 quorum
903 1240 971 1286 wm-

174 1321 222 1374 pus
234 1304 372 1380 effugerat.
414 1304 538 1378 Agitasse
548 1305 626 1370 Leoo,
643 1307 735 1379 ignoro
749 1305 844 1371 Galba,
858 1306 972 1362 deoooi·

175 1377 254 1436 dendo
263 1380 293 1436 Τ.
304 1380 388 1438 Vinio
396 1379 504 1445 dieitur,
515 1382 573 1436 sive
582 1388 613 1438 ut
621 1398 706 1451 poena
715 1382 775 1436 eius
784 1383 887 1438 animos
898 1381 972 1436 mili·

176 1462 228 1508 tum
237 1455 377 1521 mulceret,
397 1471 445 1510 seu
460 1455 596 1512 oonsoium
606 1455 719 1512 Othonis
731 1456 861 1522 credebat,
880 1457 915 1512 ed
923 1473 972 1527 po-

176 1536 298 1586 stremum
317 1530 362 1587 vel
382 1529 451 1588 odio.
491 1531 696 1586 Haesitationem
715 1529 810 1586 adtulit
822 1540 929 1601 tempus
941 1547 972 1586 ao

177 1601 253 1671 locus,
265 1607 339 1678 qula,
351 1606 431 1662 initio
440 1605 528 1662 ooedis
537 1613 602 1672 orto,
613 1605 731 1663 difficilis
741 1606 847 1662 modus.
870 1607 906 1661 Et
913 1614 972 1661 tur·

176 1677 265 1736 bavere
277 1681 426 1738 eonsilium
439 1680 537 1752 trepidi
550 1681 639 1736 nuntii
652 1699 684 1736 ao
697 1682 882 1753 proximorum
891 1680 973 1736 diliu-

177 1753 225 1824 gia,
244 1754 437 1830 languentibus
453 1757 575 1810 omnium
589 1755 696 1821 studiis,
716 1757 766 1828 qui
775 1757 863 1827 primo
871 1755 972 1812 alacres

178 1825 251 1884 fidem
260 1839 340 1904 atque
349 1832 474 1887 animum
484 1836 686 1886 ostentaverant

228 1907 267 1960 to.
287 1905 426 1980 Agebatur
438 1905 493 1960 buo
506 1903 572 1960 illuc
582 1903 675 1971 Galba,
689 1905 765 1960 eurio
774 1904 868 1959 turbae
876 1902 972 1960 fluetu-

180 1979 377 2052 antisinpulsu:
403 1977 540 2052 eompletis
555 1979 677 2052 undique
684 1979 805 2035 basilicis
813 1995 844 2034 ao
854 1978 970 2050 templis,

181 2049 204 2131 lu
257 2055 280 2110 ri
289 2063 443 2129 prospectu.
483 2056 577 2128 Neque
585 2055 737 2127 populiaut
744 2054 832 2126 plebis
843 2053 898 2110 ulla
907 2073 970 2120 vox,

230 2129 339 2188 adtoniti
348 2130 442 2186 vultus
455 2138 482 2186 et
491 2147 633 2186 eonversae
643 2130 776 2186 adomnia
784 2147 873 2186 aures.
912 2130 972 2186 Nou

182 2204 314 2271 tumultus,
336 2223 391 2262 non
405 2207 498 2278 quiesz
517 2204 598 2278 quale
614 2207 706 2279 magni
719 2215 807 2262 metus
820 2213 847 2260 et
859 2221 972 2280 magnae

182 2275 229 2332 irae
236 2280 375 2338 silentium
384 2290 433 2338 est.
457 2280 557 2338 Othoni
566 2289 665 2344 umen,
674 2288 777 2337 ormari
783 2283 890 2349 plebem,
901 2298 973 2336 nun·

182 2350 295 2413 liabetur.
335 2358 380 2412 Ire
396 2360 553 2425 praeeipitet
570 2365 595 2412 et
615 2373 742 2424 ooeupore
752 2359 872 2424 periculo
886 2356 970 2411 iubet.

184 2424 258 2498 Igitur
276 2431 376 2488 milites
390 2431 512 2496 Romani,
531 2431 611 2503 qussi
623 2430 769 2505 Vologesen
782 2439 830 2486 aut
842 2431 971 2486 Peoorum

184 2501 245 2559 avito
253 2504 441 2562 Arsacidarum
451 2504 971 2578 soliodepulsuri,aononimperatoram

187 2590 261 2642 suum
273 2581 404 2637 inermem
416 2588 441 2636 et
455 2597 546 2644 senem
559 2579 693 2637 trucidare
702 2589 851 2654 pergerem,
862 2580 972 2640 disiecta

186 2648 262 2719 plebe,
281 2655 431 2729 proculcato
445 2664 548 2721 sensui,
569 2664 658 2711 uuoes
671 2656 763 2720 vsarrinia,
783 2655 884 2726 rapidis
893 2655 972 2727 equis

187 2721 264 2796 fotum
282 2732 451 2804 inrumpunt.
490 2731 546 2786 Neo
564 2729 624 2786 illos
640 2730 763 2803 Capitolii
780 2731 930 2801 adspeotus,
946 2740 972 2785 et

188 2797 364 2862 inminentium
385 2805 544 2878 templorum
564 2805 667 2879 religio,
688 2813 714 2866 et
731 2806 833 2877 priores
848 2813 874 2860 at
887 2803 972 2859 loturi

189 2875 310 2950 principes
329 2891 454 2948 terrum,
476 2881 623 2953 quominus
640 2875 757 2936 foderent
773 2878 872 2943 soalus,
892 2877 972 2939 cuius

190 2947 248 3006 ultor
257 2956 587 3046 estquisquissucoessit.
892 2968 896 2978 ¹
