2559 3692
319 450 370 503 230
559 452 881 505 annectendum
981 448 1121 518 (nnete

374 558 401 612 2.
422 553 474 609 Sed
487 555 551 627 quie
565 553 680 611 famosae
693 554 769 609 urbis
783 570 940 625 supremum
953 552 1031 608 diem
1042 555 1123 609 tradi-

321 630 374 691 turi
385 646 491 694 sumus,
502 646 651 704 congruens
661 629 774 693 videtur,
780 628 925 699 primordia
934 628 994 683 eius
1006 630 1120 701 aperire.

320 703 439 770 ludaeos,
451 703 526 760 Creu
534 704 624 761 insule
631 703 767 777 profugus,
778 704 924 758 novissima
934 702 1043 777 Libyae
1054 706 1121 759 inse

319 778 392 833 disse
400 788 556 847 memorant,
563 797 617 853 qun
628 776 929 851 tempesstuteSatumus
937 778 967 833 vi
975 778 1053 833 lovis
1064 778 1122 849 pul-

319 872 367 910 sus
386 855 495 909 cesserit
511 855 609 928 regnis.
650 853 845 927 Argumentum
860 853 994 907 enomine
1006 854 1117 924 petitur:

319 927 450 1002 inclytum
465 929 494 983 in
504 927 579 983 Creta
586 928 663 983 ‚idam
673 936 799 992 montem,
814 926 917 981 adcolas
927 927 1035 994 Idaeos,
1048 936 1119 983 aucto

318 1004 348 1059 in
357 1004 501 1058 herbarum
514 1012 696 1076 cognomento,
712 1002 821 1058 ludaeos
831 1002 950 1074 vocitari.
990 1000 1116 1068 Quidam,

318 1085 445 1151 regnante
458 1076 538 1142 Iside,
553 1078 732 1133 exundantem
744 1094 791 1148 per
800 1077 952 1150 Aegyptum
966 1076 1118 1133 multitudi

319 1169 392 1216 nem,
403 1151 518 1206 ducibus
527 1152 708 1226 Hierosolymo
718 1169 749 1207 ac
758 1151 833 1216 ludu,
847 1152 988 1223 proximos
997 1152 1028 1207 in
1041 1161 1117 1217 terras

319 1233 496 1281 exoneratam.
534 1225 667 1299 Plerique,
678 1227 838 1298 Aethiopum
848 1224 960 1297 prolem,
976 1243 1052 1298 qnos
1062 1244 1117 1300 rege

319 1300 424 1371 Cepheo
441 1308 529 1355 metus
548 1310 628 1375 etque
646 1302 738 1357 odium
751 1310 854 1356 mutere
866 1300 942 1355 sedes
958 1302 1114 1373 perpulerit.

318 1370 460 1446 Sunt,.qui
473 1375 584 1442 tradant,
604 1377 729 1451 Assyrius
744 1392 884 1440 convenas,
904 1374 1116 1451 indigum'agro·

317 1466 380 1504 rum
388 1449 529 1521 populum,
540 1459 614 1523 parte
622 1450 736 1524 Aegypti
746 1450 928 1522 potitos,'mox
936 1452 1068 1522 proprias
1076 1470 1115 1509 ur·

318 1524 367 1579 bes
381 1524 566 1597 Hebraeesque
580 1534 662 1589 ternus¹
677 1534 703 1581 et
710 1526 832 1598 propiora
842 1523 934 1597 Syriae
943 1524 1067 1582 coluisse
1076 1545 1114 1579 ru-

317 1616 357 1653 ra.
396 1598 460 1665 Al-ii,
476 1600 634 1656 Iudaeorum
643 1601 729 1667 initia,
744 1598 876 1673 Solymos,
887 1600 1060 1656 carminibus
1070 1602 1114 1655 llo

318 1673 388 1729 meri
408 1672 564 1731 celebratam
583 1672 703 1750 gentem,
715 1674 843 1747 fconditee
856 1673 917 1743 urbi
931 1674 1112 1750 Hierosolyma

319 1765 414 1805 nomen
424 1766 439 1803 e
448 1767 498 1805 suo
507 1749 609 1806 fecisse.
1046 1750 1058 1777 ⁸

374 1827 399 1879 3.
410 1823 523 1880 Plurimi
533 1832 652 1881 auctores
662 1822 838 1889 consentiunt,
843 1830 899 1878 orta
908 1839 957 1895 per
962 1825 1112 1899 Aegyptum

318 1900 386 1965 tabe,
407 1916 476 1971 quae
488 1916 596 1972 corpora
610 1897 737 1965 foedaret,
757 1914 846 1971 regem
860 1896 1029 1965 Bocchorim,
1052 1900 1112 1953 edito

317 1975 474 2029 Hammonis
488 1973 602 2039 oraculo,
619 1971 767 2027 remedium
782 1980 930 2045 petentem,
944 1990 1067 2047 purgare
1077 1990 1112 2028 re-

317 2043 403 2122 gnum
418 2056 444 2103 et
456 2049 485 2104 id
498 2065 584 2121 genus
594 2047 745 2114 hominum,
762 2056 791 2102 ut
799 2049 920 2102 invisum
929 2047 999 2113 deis,
1012 2048 1112 2103 aliesin

317 2124 647 2179 terresevehereiussum.
668 2120 712 2177 Sic
722 2122 902 2194 conquisitum
912 2122 1112 2196 conlectumque

316 2197 427 2271 vulgus,
442 2207 585 2271 postquam
599 2196 681 2254 vastis
696 2196 760 2253 locis
774 2196 895 2251 relictum
908 2197 952 2271 sit,
964 2199 1063 2253 ceteris
1072 2214 1112 2270 per

318 2270 441 2326 lacrimas
450 2273 625 2345 torpentibus,
638 2273 758 2346 Moysen,
774 2289 860 2327 unum
870 2270 1009 2338 exsulum,
1021 2290 1112 2329 monu-

317 2346 381 2411 isse,
392 2363 426 2401 ne
436 2363 518 2418 quam
528 2348 638 2402 deornm
647 2346 822 2402 hominumve
834 2364 912 2418 opem
922 2356 1109 2419 exspectarent,

318 2420 445 2492 utrinque
453 2421 559 2487 deserti,
579 2422 627 2476 sed
636 2422 699 2487 sibi,
720 2430 750 2477 ut
761 2420 823 2479 duci
833 2421 947 2487 caelesti,
968 2422 1109 2487 crederent

317 2496 405 2568 primo
424 2497 503 2551 cuius
522 2497 622 2551 auxilio
633 2504 785 2569 praesentes
800 2497 922 2551 miserias
936 2496 1109 2568 pepulissent.

318 2569 466 2625 Adsensere
481 2579 560 2643 atque
572 2572 694 2626 omnium
708 2568 796 2645 ignari
810 2570 947 2627 fortuitum
958 2572 1010 2626 iter
1020 2572 1110 2643 incipi-

238 2654 260 2692 '.
318 2653 377 2701 unt.
416 2644 468 2701 Sed
487 2646 555 2700 nihil
568 2664 662 2718 ecque,
682 2663 765 2718 quam
779 2647 868 2719 inopia
882 2662 966 2718 aquae
979 2644 1107 2721 fatigabat.

318 2720 429 2793 lamque
437 2720 510 2775 haud
519 2720 611 2791 procul
621 2720 711 2785 exitio,
725 2723 786 2776 totis
796 2720 897 2791 campis
906 2720 1108 2792 procubuerant,

317 2812 381 2851 cum
391 2812 457 2869 grex
466 2796 602 2850 asinorum
612 2794 757 2867 agrestium
767 2814 782 2850 e
790 2804 869 2867 pastu
878 2796 907 2850 in
917 2812 1014 2867 rupem
1024 2812 1111 2851 nemo

318 2886 348 2924 re
359 2887 467 2944 opneam
477 2868 615 2925 concessit.
645 2866 757 2925 Secutus
769 2869 1112 2943 Moyses,eoni'eeturnher-‘

318 2944 375 2999 bidi
390 2944 449 3010 soli,
466 2943 551 3018 largos
565 2960 696 3016 aquarum
708 2944 895 3017 venes'eperit.
935 2938 966 2999 ld
976 2943 1109 2999 levamen:
