2559 3692
158 482 306 561 (maest.)
343 492 552 539 sonicona
573 494 652 539 cnr.
674 494 795 541 atr-so.
914 472 968 543 289⁴

158 604 220 649 tor.
245 592 309 648 Mox
318 589 370 648 itao
380 590 515 665 atqueiila
524 593 602 664 rapti,
614 598 712 647 doum
722 592 858 667 plerisque
865 594 970 657 Briton-

159 677 342 733 noeumane
355 666 562 731 defensantium,
575 666 678 738 proelio
691 670 836 743 congressi,
852 684 882 725 ac
892 676 971 743 saepe

159 745 292 807 victore&
307 740 453 814 aiiqueudo
467 740 550 813 pulsi,
565 758 597 796 eo
606 732 651 796 ed*
650 750 799 797 extremum
810 745 914 817 inopiae
923 758 970 799 ve·

160 834 245 882 nere,
257 823 289 871 ut
301 816 502 872 infirmissimos
515 832 638 881 suerrum,
654 832 717 871 mox
729 825 798 871 sorte
810 817 913 885 ductos,
924 836 972 875 ve-

161 898 315 947 soerentur.
354 890 488 963 Atqueita'
496 891 668 950 circumvecti
677 890 851 959 Britanniam,
863 894 971 949 amissis

161 966 360 1039 perinsoitiem
370 964 481 1039 regendi
489 965 615 1029 navibus,
626 982 676 1037 pro
685 966 864 1037 praedonibus
875 966 970 1035 habiti,

161 1043 288 1113 primum
303 1056 319 1094 e
332 1038 439 1105 suevis,
464 1056 529 1094 mox
541 1056 557 1093 a
568 1040 664 1094 Frisiis
674 1041 810 1113 intercepti
821 1050 893 1109 sunt.
933 1042 973 1097 Ao

162 1116 253 1181 inere,
268 1130 399 1187 quosper
409 1114 568 1170 oommereie
576 1114 763 1181 venumdatos,
779 1125 804 1169 et
814 1117 843 1170 in
853 1126 971 1171 nostram

161 1206 258 1261 arsque
269 1190 356 1261 ripam
366 1187 513 1244 mutitione
524 1189 672 1243 ementium
682 1189 818 1255 abductos,
840 1190 971 1247 indicium

162 1265 235 1320 tanti
244 1280 326 1317 oasam
334 1262 497 1319 inlustravit.
515 1310 518 1315 .
537 1263 731 1319 Initioaestatis
742 1263 769 1335 A⁴
784 1264 972 1330 ricoie‚dome-

162 1341 236 1395 stioo
254 1336 366 1393 vutnere
384 1339 464 1403 ictos,
482 1352 556 1393 nnno
574 1345 635 1392 ente
652 1344 744 1394 netum
764 1282 850 1395 ilium
869 1340 969 1397 amisit.

162 1414 259 1480 Quem
268 1428 360 1466 oasum
372 1428 470 1485 neque,
480 1420 512 1467 ut
518 1411 641 1485 plerique
649 1411 757 1467 turdum
767 1414 897 1480 virorum,
913 1432 971 1469 am-

161 1485 277 1552 bitiose
290 1503 378 1559 neque
389 1491 438 1557 tter
450 1486 566 1541 lamenta
574 1503 671 1543 narsus
679 1504 710 1541 ao
718 1504 864 1543 maerorem
874 1489 971 1545 mulie-

161 1564 253 1618 briter
262 1560 333 1615 tutte.
349 1588 356 1601 ·
370 1561 444 1616 litin
453 1559 527 1616 iuotu
536 1559 639 1615 beilum
649 1562 718 1629 inter
727 1562 844 1617 remedie
854 1572 918 1618 eret.

223 1638 268 1693 29.
289 1636 374 1709 Igitur
390 1636 538 1708 praemisse
558 1632 653 1704 eiesse,
674 1653 744 1708 quae
761 1636 887 1708 pluribus
907 1636 971 1694 locis

162 1711 303 1788 praedata,
317 1726 448 1786 magnum
458 1717 484 1765 et
493 1711 625 1765 incertum
633 1717 760 1765 terrorem
771 1710 875 1777 iaceret,
891 1728 973 1783 expe-

163 1786 419 1850 ditdexeroitn‚·eui
428 1785 605 1841 exliritennis
615 1783 774 1840 fortissimos
784 1792 810 1839 et
819 1784 898 1861 longe
908 1802 972 1857 pace

163 1859 319 1931 expioratos
334 1858 478 1925 eddiderat,
494 1858 528 1915 ed
538 1866 656 1915 montem
666 1859 827 1931 Grampium
839 1862 971 1933 pervenit,

163 1952 252 2007 quem
262 1934 317 1989 iam
326 1934 586 1990 hostes'insederant.
620 1934 690 1989 Nam
699 1934 829 2000 Britanni,
841 1933 909 1989 nihil
920 1930 973 1989 ira-

162 2012 202 2064 oti
212 2024 322 2083 pugnae
329 2010 428 2099 pn'oris
437 2017 544 2075 eventu,
550 2016 578 2082 et
585 2008 716 2064 ultionem
726 2015 772 2065 aut
780 2010 921 2067 servitium
926 2026 973 2064 ex-

162 2091 328 2156 sperarentus,
339 2084 502 2156 tandemque
510 2083 739 2149 doeti‚oommune
748 2082 899 2157 periculum
909 2100 973 2139 oon-

163 2158 260 2214 eordia
269 2157 491 2230 propulsandum,
500 2157 679 2233 legationibus
690 2167 715 2213 et
724 2158 875 2214 foederibus
885 2160 973 2214 omni-

162 2250 217 2289 um
225 2233 366 2288 diritatem
376 2234 449 2289 vires
458 2234 619 2289 exciverunt.
653 2234 764 2307 iamque
774 2250 855 2307 super
864 2234 972 2311 triginta

162 2307 255 2373 millia
274 2315 437 2364 armatorum
454 2308 679 2380 adspiciebantur‚
699 2316 725 2363 et
739 2307 827 2365 adhue
840 2306 972 2365 adfluebat

163 2382 259 2438 omnie
275 2382 414 2449 iuventus,
434 2383 575 2455 atquibus
588 2382 670 2438 eruda
685 2400 716 2437 ao
728 2382 824 2439 viridis
837 2390 970 2449 senectus,

163 2457 233 2511 olari
242 2455 323 2521 belia,
332 2474 364 2512 ao
372 2474 422 2512 sua
431 2458 550 2530 quisque
558 2457 652 2512 deoore
661 2464 809 2531 gestantes:
830 2460 975 2527 euminter·

163 2532 262 2605 piures
270 2530 354 2586 duoes
362 2532 462 2587 virtrrte
470 2541 496 2587 et
504 2546 603 2606 genere
611 2539 749 2604 praestans
760 2534 868 2589 nomine
878 2532 972 2607 Calga-

164 2624 218 2661 cus
236 2605 310 2676 apud
322 2614 483 2662 mammam
498 2605 700 2663 mnititudinem
713 2607 846 2683 proelium
860 2624 973 2684 poscen-

164 2682 263 2735 temin
272 2679 347 2736 huno
355 2680 467 2737 modum
477 2679 581 2737 iocatm
591 2679 689 2738 fertur:
903 2698 906 2707 ’
937 2696 949 2757 J

223 2757 266 2809 30.
288 2754 413 2820 Quotiens
431 2767 540 2811 martas
556 2759 617 2811 oeta
629 2765 653 2811 et
666 2760 843 2813 morositatem
855 2766 972 2811 noenum

164 2834 281 2892 intueor,
295 2845 407 2899 muyans
420 2834 485 2885 mitti
496 2826 600 2885 oaima's
614 2840 660 2897 ert,
672 2834 823 2887 hodiernam
833 2834 900 2885 diem
910 2836 980 2883 oon-¹

164 2920 323 2973 sensumque
333 2914 449 2960 oestrum
461 2908 565 2959 initiam
582 2906 711 2961 libertatis
725 2910 803 2961 totius
817 2896 980 2960 aaronitae
991 2918 1009 2970 J

166 2978 232 3042 tore.
246 3004 252 3016 ·
272 2977 342 3034 Nora
355 2988 380 3034 et
392 2983 509 3034 omnent
517 2982 652 3035 sanitatis
661 2989 788 3049 expertos,
799 2988 823 3035 et
833 2974 980 3033 aulierat-⁸

207 3052 318 3107 Tomeos
338 3052 371 3107 li.
743 3054 765 3105 Τ
