2559 3692
401 439 608 513 nranoeus.
629 453 708 515 car.
729 468 770 513 21.
935 464 981 520 321

186 578 328 625 versantur
342 567 535 633 autumationes,
555 566 668 639 quae'iu
681 566 820 622 Vatinium
832 569 987 626 inscribun-

184 653 244 712 tur3
275 661 307 699 ao
324 643 468 715 praecipue
485 642 602 697 smuudu
622 658 657 696 ex
669 640 714 695 his
725 643 833 698 oratio..
854 643 986 701 Esteaim

188 714 377 775 verbisornata
387 714 987 787 etsententiis‚auribusquoi‘udiountadoom·

185 794 306 849 modste:
327 800 358 847 ut
372 792 450 860 seins,
465 792 556 862 ipsum
569 790 801 863 quoqueCalvum
811 792 984 861 intellexisse,
1043 856 1049 863 ‚

186 866 254 941 quid
265 866 363 921 melius
373 872 451 929 esset,
463 881 513 919 neo
520 864 685 921 voluntatem
694 866 730 931 ei,
741 883 796 938 quo
805 867 951 925 sublimius
960 876 990 927 et

184 943 285 999 nultius
295 941 402 1005 ditaret,
414 938 462 994 sed
471 940 611 1013 ingenium
621 956 653 995 ao
661 940 742 1006 vires,
748 940 876 999 defuisse.
897 942 987 1010 Quid?

185 1034 221 1073 ex
235 1015 371 1081 Goeiioms
379 1012 562 1070 orationibus?
580 1015 683 1086 Nempe
695 1014 747 1070 bae
759 1015 874 1088 plaosut,
894 1020 986 1075 sinon

184 1092 337 1157 universae,
353 1097 379 1145 at
393 1096 597 1162 partesoarum,
614 1090 644 1144 in
658 1090 759 1161 quibus
769 1091 882 1166 nitorem
892 1093 987 1149 etalti·

184 1166 308 1223 tudinem
316 1165 421 1223 uorum
433 1172 584 1241 temporum
593 1163 793 1239 adgnoscimus.
832 1166 929 1223 Sordes
937 1186 987 1224 nu-

184 1251 242 1297 tom
260 1240 322 1305 illae
339 1240 482 1297 vorborum
503 1248 528 1295 et
546 1239 625 1294 hiens
645 1241 800 1311 compositio
818 1250 847 1297 et.
858 1242 987 1300 inoonditi

185 1332 288 1372 seusus
295 1313 412 1369 redolent
419 1314 618 1387 antiquitatem:
632 1331 683 1369 neo
690 1325 855 1389 quemquam
865 1318 929 1374 adeo
937 1336 986 1373 sn-

184 1391 335 1463 tiquarium
344 1396 417 1460 puto,
428 1398 460 1445 ut
467 1389 589 1446 Coelium
599 1406 633 1446 ex
642 1406 673 1444 ea
681 1398 761 1464 parte.
766 1389 863 1459 laudet,
873 1410 928 1465 qua
937 1411 986 1448 an·

185 1468 284 1538 fiquus
296 1470 343 1519 eat.
383 1464 566 1521 Couoodemus
578 1482 645 1520 saue
658 1463 689 1521 C.
705 1464 822 1533 caesai,
842 1476 873 1523 ut
879 1475 986 1539 propter

184 1538 824 1615 magnitudinemoogitationumetoomrpatioues
833 1544 987 1609 rorummi·
1032 1587 1035 1593 .

184 1631 241 1671 nna
250 1612 439 1685 ineloquentia
449 1615 570 1681 effecerit,
585 1634 669 1745 quam
678 1616 803 1673 divinam
813 1617 872 1674 eius
881 1618 987 1691 ingoni-

184 1706 235 1745 um
249 1688 413 1761 postulabat:
443 1698 497 1745 tam
511 1691 632 1757 Herone,
652 1708 736 1763 quam
747 1692 859 1746 Brutum
868 1692 987 1764 pbiloso-

184 1763 545 1837 pbiaesuaerelinquamus.
565 1766 634 1821 Nam
643 1766 673 1821 iu
682 1766 846 1822 orationibus
855 1768 987 1823 minorem

184 1853 248 1894 esse
261 1837 330 1893 fama
344 1856 407 1905 sua„
424 1840 504 1896 etiam
517 1840 689 1897 admiratores
701 1841 760 1896 eius
769 1840 893 1897 fatentur.
923 1841 988 1897 Noe

183 1913 242 1969 iere
260 1914 407 1986 quisquam
426 1922 473 1972 aut
491 1915 611 1972 Caesaris
629 1932 679 1988 pro
696 1916 776 1971 Durio
794 1914 921 1983 samnito,
941 1923 988 1972 aut

182 1989 262 2045 Bruti
271 1990 443 2061 proDeiotaro
451 1998 683 2065 rege‚oeterosque
691 1991 812 2047 eiusdem
820 1990 987 2047 lentitudinis

184 2082 219 2119 ae
230 2064 330 2136 teporis
343 2064 426 2121 libros
441 2063 514 2139 legit,
534 2067 588 2121 nisi
598 2068 648 2139 qui
661 2074 687 2121 et
704 2067 823 2122 earmina
842 2066 986 2123 eorundem

184 2140 311 2195 miratur.
349 2139 481 2195 Fecerunt
492 2142 564 2197 enim
578 2141 731 2196 etoarmiua
741 2150 767 2196 et
776 2143 805 2196 in
814 2140 986 2197 bibliotheeas
1024 2205 1026 2212 χ

183 2212 344 2279 retulerunt,
364 2231 418 2270 noa
431 2214 530 2271 molius
544 2232 627 2289 quam
638 2215 741 2282 Cicero,
756 2225 783 2271 at
795 2215 986 2289 feliciusque

183 2288 247 2345 iilos
255 2287 352 2343 iecisse
360 2292 498 2361 mucimus
508 2292 605 2347 sciunt.
643 2290 755 2347 Asinius
765 2308 986 2365 quoquuquam-

184 2380 270 2435 quum
283 2365 455 2438 propioribus
469 2366 634 2438 temporibus
649 2373 728 2421 natus
737 2366 782 2433 sit,
802 2366 907 2423 videtin
916 2367 985 2422 mibi

185 2439 405 2495 interirenenios
418 2448 444 2495 et
455 2439 560 2514 Appios.
573 2440 719 2497 studuisse.
738 2442 741 2449 '
757 2442 905 2498 Pacuvium
917 2448 986 2509 certe

184 2520 211 2567 et
221 2512 325 2569 Attium
335 2531 392 2571 nou
406 2514 494 2583 solum
501 2516 656 2590 nagoediis,
676 2516 813 2573 sedetiam
822 2516 986 2584 orationibus

184 2589 245 2642 suis
254 2590 399 2659 expressit:
416 2590 576 2647 adeodurus
585 2599 611 2647 et
619 2593 708 2647 siouus
717 2600 766 2647 est.
787 2590 877 2647 Oratio
885 2600 984 2657 autem,

184 2663 362 2735 sioutoorpus
371 2664 499 2731 bominis,
511 2666 661 2722 eudemum
670 2665 761 2739 pulcra
772 2674 821 2733 est,
830 2668 860 2721 in
868 2682 986 2739 quamn

185 2738 305 2792 eminent
319 2756 413 2805 venae,
433 2756 553 2797 neeesse
563 2749 747 2808 numeruntur,
767 2742 986 2813 sodtemperatus

185 2828 217 2866 ao
234 2811 322 2867 bonus
338 2815 454 2888 sanguis
472 2815 566 2887 impiet
585 2817 710 2873 membru
728 2825 756 2873 et
772 2818 894 2889 exsurgit
910 2816 984 2881 toris,

185 2902 316 2959 ipsosque
335 2906 432 2945 nervos
452 2890 549 2945 rubore
568 2892 632 2964 tegit
654 2902 680 2947 et
697 2892 791 2947 donoro
808 2890 984 2947 commendet

185 2961 254 3090 Νοξ)
263 2960 411 3093 Corvinlrlrm
421 2965 538 3043 insequi,
549 2966 613 3039 quia
623 2983 733 3039 nonper
742 2968 834 3095 ipsum
843 2966 923 3031 stetit,
930 2980 987 3039 quo

247 3053 332 3093 seiros
377 3080 384 3093 .
