2559 3692
306 443 392 501 36,
543 451 870 498 rrrsrontanurr
968 443 1106 518 (mosam.

305 568 335 606 ro
352 550 482 606 coloniam
495 550 738 624 Agripppinensem
751 563 821 607 ‘cum
839 552 976 623 equitibus
989 551 1108 626 legionis

305 625 561 698 auxiliariorumque
585 627 740 698 ingressus,
764 630 953 694 imperatorem
964 626 1108 684 Vitellium

305 700 487 756 consalutauit.
525 699 634 754 Secutae
647 700 749 774 ingenti
759 702 904 773 certamine
911 700 1032 757 eiusdem
1042 719 1108 774 pro·

305 777 409 830 vinciae
418 774 548 847 legiones:
569 775 726 846 etsuperior
736 776 878 840 exereitus,
887 776 1017 846 speciosis
1026 793 1108 831 sene-

305 859 349 905 tus
366 849 513 921 populique
525 848 639 903 Romani
656 849 813 904 nominibus
830 849 940 916 relictis,
956 851 1002 905 111.
1013 851 1106 906 Nonas

305 925 440 979 Ianuarias
453 921 558 977 Vitellio
572 924 692 978 accessit.
731 923 819 978 Scires
832 922 912 979 illum
923 926 1012 995 priore
1020 925 1106 1001 biduo

305 1017 358 1055 non
368 1014 449 1070 penes
458 996 653 1068 rempublicam
662 997 756 1053 luisse.
795 997 925 1054 Ardorem
936 1001 1106 1056 exercituum

304 1074 523 1147 Agrippinenses,
540 1071 658 1137 Treveri,
675 1073 809 1146 Lingones
821 1073 979 1145 aequabant,
990 1073 1103 1140 auxilia

304 1165 397 1220 equos,
414 1163 496 1210 arma,
512 1147 641 1218 pecunias
655 1146 803 1210 offerentes,
817 1149 1103 1220 utquisqueoorpore,

304 1223 411 1294 opibus,
422 1221 529 1294 ingenio
539 1221 656 1277 validus.
691 1221 746 1276 Nec
755 1223 890 1294 principes
899 1221 978 1278 modo
986 1222 1105 1279 colonia-

304 1315 366 1351 ram
379 1304 426 1351 aut
439 1303 595 1362 castrorum,
612 1295 714 1369 quibus
727 1297 876 1368 praesentia
889 1314 923 1352 ex
934 1295 1062 1353 adfluenti
1078 1306 1104 1352 et

304 1367 377 1442 parta
390 1371 499 1426 victoria
518 1388 631 1446 magnae
644 1388 721 1442 spes:
741 1371 790 1426 sed
808 1371 941 1442 manipuli
953 1389 1065 1444 quoque
1078 1382 1104 1427 et

303 1446 441 1518 gregarius
457 1445 535 1500 miles
549 1445 646 1502 viatioa
658 1462 709 1500 sua
717 1453 744 1500 et
752 1445 851 1502 balteos
860 1445 1049 1518 prolemque,
1059 1449 1104 1503 im

244 1552 257 1592 Ι·
304 1522 391 1593 signia
405 1537 540 1575 armorum
554 1528 662 1593 argento
677 1520 784 1585 decora,
805 1520 861 1576 looc
874 1522 1003 1592 pecuniae
1016 1522 1104 1580 trade

304 1595 376 1659 bant,
389 1597 516 1650 instinctu
525 1604 551 1649 et
560 1597 654 1665 inpetu
662 1603 689 1650 et
697 1596 816 1651 avaritia.

358 1673 401 1724 58.
422 1671 515 1744 Igitur,
527 1669 632 1724 laudata
641 1669 759 1725 militum
768 1669 909 1735 alacritate,
916 1669 1040 1727 Vitellius
1050 1673 1103 1726 mi-

304 1746 412 1799 nisteria
426 1747 608 1816 principatus:
622 1762 671 1816 per
682 1744 842 1818 libertos-agi
851 1745 938 1810 solita,
958 1746 988 1800 in
997 1748 1102 1818 equites

305 1819 436 1876 Romanos
450 1819 579 1892 disponit:
606 1821 755 1876 vacationes
771 1820 971 1876 centurionibus
989 1836 1024 1876 ex
1037 1821 1103 1876 fiseo

304 1904 440 1960 numerat:
452 1897 589 1951 saevitiam
600 1895 729 1960 militum,
739 1894 880 1965 plerosque
887 1895 922 1950 ad
931 1911 1046 1965 poenam
1055 1913 1104 1951 ex-

303 1973 479 2044 poscentium,
491 1971 598 2040 saepius
608 1969 744 2038 adprobat,
754 1969 851 2039 partim
861 1969 1031 2024 simulatione
1042 1973 1103 2026 viu-

304 2045 425 2100 culorum
439 2045 589 2099 frustratur.
629 2043 773 2113 Pompeius
782 2043 961 2115 Propinquus,
974 2061 1104 2116 procura-

304 2129 343 2174 tor
361 2119 488 2192 belgicae,
511 2118 600 2172 statim
619 2117 782 2174 interiectus.
821 2117 921 2174 lulium
937 2118 1099 2184 Burdonem,

304 2193 476 2249 Germanicae
490 2193 583 2247 elassis
597 2190 775 2262 praelectum,
793 2202 853 2249 astu
865 2193 1007 2251 subtraxit.
1045 2194 1103 2250 Ex·

304 2275 402 2322 arserat
416 2269 444 2322 in
458 2285 521 2322 eum
533 2267 672 2336 uaeundia
685 2269 827 2334 exercitus,
847 2276 985 2340 tamquam
998 2269 1101 2324 crimen

304 2359 334 2396 ac
352 2359 416 2398 mox
433 2342 546 2397 insidias
565 2343 674 2398 Fonteio
691 2343 813 2414 Capitoni
831 2344 981 2399 struxisset.
1020 2343 1101 2400 Grata

303 2424 359 2472 erat
376 2418 503 2472 memoria
522 2415 672 2488 Capitonis:
693 2426 719 2473 et
731 2417 804 2489 apud
820 2418 967 2474 saevientes
982 2419 1101 2474 occidere

304 2491 401 2563 palam,
414 2492 548 2565 ignoscere
558 2509 611 2546 non
622 2493 675 2547 nisi
688 2492 810 2557 fallendo,
824 2492 928 2548 licebat.
967 2493 1005 2546 Ita
1014 2493 1043 2548 in
1053 2511 1102 2551 ou-

304 2566 387 2621 stodia
401 2565 523 2621 habitus:
544 2574 570 2620 et
584 2574 644 2637 post
656 2567 792 2622 victoriam
805 2567 926 2632 demum,
941 2568 1032 2622 stratis
1047 2569 1100 2624 iam

304 2641 421 2696 militum
439 2641 518 2706 odiis,
538 2641 669 2696 dimissus
682 2650 732 2696 est.
770 2642 888 2707 Interim,
909 2651 940 2696 ut
950 2641 1099 2713 piaculum,

303 2716 426 2770 obiicitur
436 2716 554 2771 centurio
564 2715 715 2787 Crispinus,
726 2718 775 2787 qui
783 2733 813 2771 se
824 2718 956 2792 sauguine
964 2716 1100 2788 Capitonis

304 2798 497 2846 cruentaverat:
529 2799 614 2863 eoque
632 2798 658 2845 et
675 2790 871 2862 postulantibus
892 2790 1057 2849 manifestior
1074 2801 1100 2848 et

305 2866 425 2936 punienti
435 2865 513 2922 vilior
523 2863 592 2936 fuit„
873 2868 876 2874 ’

358 2944 400 2996 ts.
422 2941 507 2997 lulius
520 2940 615 2996 deinde
625 2939 719 2996 Civilis
733 2942 851 3012 periculo
862 2950 1011 3013 exemptus,
1022 2957 1099 3012 prae·
