2559 3692
293 443 327 498 et
532 446 854 494 ursronrsnuar
953 410 1090 509 (snam
1134 452 1135 537 q

292 566 327 606 ns
340 549 484 606 numinum
498 565 581 604 ausus
595 555 645 602 est.
684 547 794 620 lamque
807 550 927 602 adsertor
941 547 1093 601 Galliarum
1135 558 1136 603 l

292 633 317 678 et
329 628 392 680 deus
404 623 510 697 (nomen
519 622 548 678 id
557 623 610 677 sibi
619 621 759 694 indiderat)
773 621 883 677 eoneifis
896 629 954 677 osto
968 620 1093 676 millibus
1136 662 1137 675 ,

291 698 444 764 bominum,
458 699 595 769 proximos
609 696 763 786 Aeduorum
776 711 859 769 pagos
873 697 1019 786 trabebatq
1030 713 1093 784 curn

291 790 454 912 tiltttt
464 771 826 902 ilitiffillldlli
838 770 1094 918 imbibi

291 923 320 978 iu
332 940 362 978 eo
375 920 475 994 proelio
481 921 613 977 ilarionis
627 937 660 975 no
673 920 808 977 morieris
818 919 947 986 obieotus,
962 922 1093 993 quianon

293 997 450 1060 laniabatur,
462 995 588 1062 stolidum
600 995 699 1070 vulgus
708 994 890 1051 inviolabilem
899 995 1033 1062 madebat,
1047 995 1094 1050 do-

293 1089 351 1136 nee,
362 1078 496 1143 spectante
503 1070 619 1136 Vitellio,
631 1069 783 1126 interiectus
792 1078 840 1125 est,

348 1149 390 1204 62.
410 1145 466 1201 Nee
484 1144 553 1200 ultra
572 1147 600 1200 in
618 1144 762 1201 defectores
782 1152 828 1199 aut
844 1145 914 1200 bona
928 1145 1093 1217 cuiusquam

293 1221 434 1276 saevitum.
470 1221 535 1276 Rata
544 1218 617 1276 luere
627 1219 790 1292 eorum,qui
799 1220 854 1276 acie
864 1218 1015 1275 Othoniana
1024 1220 1093 1274 oeci-

293 1294 393 1360 derant,
409 1301 573 1360 testamenta,
588 1302 634 1350 aut
643 1294 687 1350 lex
696 1295 848 1350 intestatis:
874 1294 997 1360 Prorsus,
1014 1295 1041 1349 si
1052 1294 1094 1349 lu-

293 1370 388 1426 xuriae
396 1376 560 1441 temperaret,
572 1370 710 1424 avaritiam
720 1387 773 1425 non
783 1370 900 1424 timeres.
939 1369 1091 1441 Epularum

293 1443 368 1499 foeda
382 1452 408 1499 et
420 1443 591 1516 inexplebilis
605 1443 701 1499 libido:
723 1461 756 1499 ex
770 1445 837 1500 urbe
850 1452 930 1517 atque
939 1444 1013 1498 ltalia
1025 1444 1093 1499 inri-

293 1526 406 1574 tamenta
426 1519 505 1592 gulae
525 1519 705 1594 gestabantur,
726 1519 906 1590 strepentibus
924 1519 959 1574 ab
976 1527 1092 1592 utroque

293 1594 361 1648 mari
384 1593 540 1650 itineribus:
575 1593 698 1649 exhausti
716 1595 900 1650 oonvivlorum
920 1594 1092 1665 adparatibus

292 1668 430 1740 prinsipes
441 1670 593 1726 civitatum:
618 1669 791 1724 vastabantur
804 1670 879 1741 ipsae
889 1669 1024 1724 civitates:
1047 1669 1093 1724 de·

292 1743 434 1817 generabat
448 1743 565 1800 elabere
579 1761 610 1799 ne
619 1744 718 1800 vinata
728 1742 816 1810 miles,
828 1743 1004 1799 adsuetudine
1013 1743 1093 1800 volu·

292 1827 394 1890 putum
408 1826 434 1874 et
446 1827 597 1892 nontsmptu
612 1819 698 1875 ducis.
737 1819 1020 1875 Praemisitinurbem
1036 1820 1093 1875 edl-

292 1902 375 1961 otum,
391 1909 446 1968 quo
459 1894 619 1952 vocabulum
632 1892 888 1982 Augustidilierret,
904 1893 1025 1951 Caesaris
1038 1912 1092 1950 nou

292 1969 569 2100 titulatur
586 1967 1000 2117 uuttzzttlttttt
1011 1969 1092 2100 tu

293 2119 355 2174 ludo
365 2126 391 2173 et
400 2135 479 2173 arena
488 2116 679 2189 polluerentur.
713 2117 999 2191 Prioresidprineipes
1008 2137 1093 2192 pecu-

292 2194 337 2248 nia
350 2200 377 2246 et
389 2193 497 2264 saepius
511 2191 540 2247 vi
554 2190 738 2262 perpulerant:
759 2210 790 2248 ao
803 2191 931 2265 pleraque
943 2195 1093 2268 municipia

292 2275 317 2323 et
334 2265 452 2322 ooloniee
470 2266 681 2332 aemulabantur,
701 2269 935 2340 corruptissimum
953 2286 1093 2344 quemque

293 2340 498 2398 aduesoensium
507 2341 593 2412 pretio
600 2340 718 2398 inlinere.

347 2419 389 2471 63.
410 2414 462 2471 Sed
479 2415 602 2474 Vitellius
621 2415 738 2473 adventu
755 2415 843 2472 fratris
862 2426 888 2472 et
905 2417 1092 2491 inrepentibus

292 2491 481 2547 dominationis
500 2491 636 2564 magistris
656 2492 795 2564 superbior
814 2500 840 2547 et
858 2494 981 2558 atrocior,
1006 2495 1092 2550 occidi

292 2565 453 2622 Dolabellam
463 2566 551 2631 iussit,
566 2583 649 2640 quem
662 2567 690 2621 in
700 2567 829 2623 ooloniam
840 2567 1001 2640 Aquinatem
1013 2586 1093 2642 sepo-

292 2641 375 2696 situm
388 2641 422 2696 ab
436 2639 539 2696 Othone
554 2641 705 2698 retulimus.
744 2641 887 2708 Dolabella,
903 2643 992 2698 audita
1006 2653 1093 2699 morte

292 2713 414 2783 Othonis,
426 2716 520 2772 urbem
529 2716 673 2773 introierat.
698 2715 728 2771 ld
737 2717 762 2771 ei
772 2715 896 2772 Plancius
905 2718 1002 2783 Varus,
1013 2735 1094 2792 prae-

292 2801 351 2864 tura
365 2791 483 2858 functus,
498 2807 532 2846 ex
545 2792 649 2847 intimis
663 2790 811 2846 Dolabellae
823 2793 927 2860 amicis,
944 2792 1016 2864 apud
1029 2793 1093 2848 Fla·

292 2865 369 2922 vium
379 2865 519 2932 Sabinum,
540 2866 702 2939 praefectum
716 2866 802 2932 urbis,
823 2867 928 2933 obiecit,
948 2876 1091 2936 tempranen,

293 2949 372 3012 rupte
390 2947 519 3007 eustods'u,
545 2947 634 2996 durem
651 2957 678 2994 ss
695 2943 773 2994 oletis
787 2943 909 3008 portibus
931 2951 1091 2998 ostentasset.

957 3221 968 3256 s
1064 3240 1066 3244 .
