2559 3692
277 463 311 518 so
515 467 838 517 maronianum
936 459 1073 534 (naua

276 567 381 642 positus
390 562 581 642 probatusque,
591 566 685 623 servili
692 567 819 639 deinoeps
829 567 928 639 probro
935 583 1076 638 respersam

277 652 327 710 esi,
347 653 485 718 tamquam
502 641 637 716 soypbum
655 659 768 697 aureum
785 643 816 697 in
834 642 957 698 eonvivio
969 641 1077 698 Claudii

277 717 395 776 iuratus:
417 727 442 776 et
456 717 583 776 Claudius
596 723 700 788 posiera
711 717 756 771 die
764 716 813 772 soli
821 718 945 772 omnium
954 717 1033 772 Vinio
1042 716 1078 770 fi-

277 794 386 850 ctilibus
405 791 551 848 ministrari
570 791 659 846 iussit.
697 790 750 846 Sed
768 792 865 846 Vinius
886 790 1077 864 prooonaulatu

279 868 394 924 Galliam
412 867 610 922 Narbonensem
624 882 718 920 mera
728 868 885 940 integreque
896 867 974 921 rexit.
1012 866 1078 921 llox

279 943 379 1000 Galbae
392 941 508 996 amicilia
520 940 549 994 in
563 940 708 1011 abruptum
719 949 828 1005 uaotua,
842 940 940 1004 andex,
950 939 1075 1003 oallidus,

278 1024 428 1089 promptus,
446 1021 482 1080 at,
502 1021 581 1086 prout
594 1015 717 1070 animum
730 1015 896 1081 inlendissel,
916 1031 1017 1088 pravus
1028 1024 1077 1071 ant

278 1091 437 1154 industrius,
448 1089 541 1144 eadem
550 1089 588 1144 vi.
625 1089 823 1145 Testamentum
833 1090 865 1146 T.
875 1090 959 1154 Vinii,
971 1090 1079 1163 magni-

279 1166 472 1238 ludiueopum,
483 1164 605 1220 inritum.
634 1165 739 1220 Pisonis
748 1181 902 1237 supremam
911 1164 1077 1220 voluntalem

277 1246 419 1313 paupertas
429 1238 554 1294 firmavit.

333 1316 376 1369 lo.
397 1313 497 1370 Galbae
510 1331 607 1385 eorpus
620 1313 669 1368 diu
682 1312 989 1388 neglooinmetlioentia
1001 1319 1077 1367 iene-
1160 1368 1161 1379 ,

278 1387 387 1444 brorum
401 1387 528 1458 plurimis
538 1388 664 1444 ludibriis
672 1397 809 1452 vexatum,
817 1389 987 1459 'dispensatur
996 1387 1077 1460 Argi-
1160 1388 1161 1431 ἶ

278 1462 493 1534 us,eprioribus
503 1462 703 1528 sarvishumili
713 1462 848 1534 sepultura
858 1463 888 1520 in
897 1462 1077 1534 privatianus
1160 1462 1161 1521 ζ

278 1533 361 1593 hortis
372 1539 495 1592 oonlaxit.
536 1537 630 1608 Caput,
641 1554 690 1608 per
697 1537 768 1592 lixas
776 1537 935 1609 calonesque
944 1536 1076 1592 mdixum

278 1611 485 1684 laoeroiumque,
492 1619 552 1666 anie
562 1613 676 1669 Patrobii
685 1612 821 1668 tumulum
830 1612 951 1684 (liberius
960 1613 1077 1668 iaNero-

278 1687 332 1751 nis,
348 1687 459 1758 punitus
469 1703 484 1742 a
494 1687 578 1742 Galba
590 1685 685 1760 iuerat)
697 1695 802 1759 postera
812 1687 923 1742 ἀειιιιιιιι
932 1687 1078 1758 disrepar-
1160 1692 1161 1695 ’

278 1769 372 1816 tumel
381 1770 495 1818 cremato
507 1762 834 1834 iamoorporiadmixtum
843 1770 892 1817 esi.
931 1762 1078 1816 llurloexi-
1160 1762 1162 1801 l

278 1843 337 1891 tum
356 1833 451 1892 hab'uii
468 1836 525 1892 Ser.
546 1837 640 1902 Galba,
662 1837 750 1892 tribus
768 1845 794 1892 ei
811 1837 979 1910 aepbraginla
996 1837 1077 1892 anaia

278 1911 401 1984 quinque
409 1913 545 1983 principes
554 1909 680 1984 prospera
695 1911 799 1966 fortuma
808 1927 944 1975 emensus,
954 1909 1077 1968 elalieno

279 1986 392 2058 imperio
401 1985 511 2051 felicior,
522 2003 604 2056 quam
613 2002 673 2040 suo.
701 1985 782 2039 Vetus
792 1987 821 2040 in
830 1984 931 2040 familia
940 1983 1075 2052 nobilitas,

279 2077 391 2134 magnae
399 2077 477 2131 opas:
498 2061 551 2130 ipsi
563 2059 684 2114 medium
693 2060 844 2133 ingenium,
855 2061 942 2136 magis
951 2067 1024 2117 extra
1033 2061 1078 2117 vi-

278 2135 324 2200 lia,
335 2152 419 2206 quam
428 2151 492 2190 oum
501 2134 655 2189 virtutibus.
691 2135 789 2190 Famae
797 2151 847 2195 neo
854 2135 1016 2200 incuriosus,
1027 2151 1079 2190 neo

278 2209 435 2266 venditator.
475 2209 605 2264 l‘eonniae
618 2207 719 2264 alienae
730 2228 784 2266 noa
793 2210 930 2281 adpaieps,
939 2226 1078 2282 suaapan-

278 2300 337 2348 oua,
352 2282 475 2354 publicas
484 2299 591 2338 armus.
629 2283 785 2340 Amicorum
795 2285 1016 2357 libertorumque,
1028 2284 1078 2341 ubi

278 2358 308 2414 in
327 2357 411 2414 bonos
431 2357 582 2424 incidissel,
605 2359 666 2414 sina
676 2360 887 2430 reprehensione
904 2361 1023 2431 patiens3
1050 2360 1079 2416 si

264 2431 344 2498 ,mali
356 2431 458 2497 Ιῐοιιιιι,
478 2449 567 2505 usque
580 2433 614 2489 ad
627 2434 735 2506 eulpam
748 2436 868 2509 ignarus.
907 2433 959 2489 Sed
972 2434 1078 2490 claritas

279 2507 409 2564 natalium
418 2515 445 2562 el
453 2515 541 2563 metus
550 2515 701 2580 temporum
709 2508 839 2578 obiealui,
853 2517 893 2574 ui,
904 2508 977 2581 quod
986 2526 1086 2582 segma

278 2583 315 2638 tia
324 2591 389 2647 mai,
401 2583 531 2654 sapientia
541 2583 687 2640 vocaretur.
726 2585 797 2641 Dum
809 2584 917 2657 vigebat
929 2591 1010 2649 aetas,
1024 2586 1079 2640 mi-

275 2656 793 2730 llarilaodaapudGermaniaslloruu.
826 2658 1079 2727 Prooonaule'rllri·

278 2748 338 2788 eom
348 2731 494 2789 moderate:
513 2733 569 2789 iam
583 2734 682 2798 unior,
693 2734 843 2789 citeriorem
852 2733 1008 2806 Hispaniam
1018 2735 1077 2806 pari

278 2807 381 2862 institia
390 2808 533 2864 nuntiauit:
563 2809 649 2866 maior
661 2809 765 2882 privato
773 2809 860 2874 visus,-
880 2808 947 2864 dum
956 2809 1078 2881 privatus

279 2879 341 2944 luit,
361 2890 387 2938 el
403 2883 527 2942 omniurn
546 2901 679 2942 eonsensu
692 2899 776 2958 oapax
789 2884 906 2958 imperii,
922 2885 976 2940 nisi
990 2884 1079 2956 imps-

228 2997 236 3002 -
280 2964 372 3014 rossel.
