2559 3692
298 443 331 494 86
445 491 449 500 ,
536 445 866 492 ursaonlauuu
959 435 1099 510 (auam.

297 553 405 612 tantem,
421 563 517 618 repens
530 547 779 610 tumultus'avertit,
793 547 913 601 numiata
923 548 1103 602 consternati·

298 621 639 680 oneaclioentiamilitum.
678 622 802 692 Namque
811 621 972 675 abeuntibus
981 621 1100 676 exitium

297 696 502 762 minitabantur,
522 698 687 752 atrocissima
707 698 737 751 in
754 696 913 769 Verginium
931 697 973 760 vi,
1000 712 1099 768 quem,

296 771 387 826 clausa
395 771 484 836 domo,
498 771 664 828 obsidebant.
702 771 840 842 herepitis
853 770 992 824 seditionis
1005 778 1102 825 aucto-

297 846 383 910 ribus,
398 862 546 918 regressus,
566 850 671 902 vacavit
684 846 840 901 abeuntium
848 843 992 917 adloquiis,
1012 844 1101 900 donec

296 937 389 976 omues
399 918 519 976 inviolati
528 921 738 994 digrederentur.
776 920 982 990 vesperascente
992 918 1049 984 die,
1062 920 1102 974 si-

296 997 346 1051 tim
355 995 453 1050 haustu
463 994 565 1068 gelidae
574 1013 659 1068 aquae
668 995 779 1050 sedavit.
815 996 885 1049 Tum
895 992 989 1050 adlatis
998 997 1100 1068 pugio

297 1071 379 1126 uibus
387 1068 503 1136 duobus,
515 1087 578 1124 cum
586 1077 732 1143 utrumque
740 1069 1045 1140 pertentassetalterum
1056 1088 1100 1124 ca-

296 1146 347 1217 piti
371 1143 498 1199 subdidit.
537 1145 571 1200 Et
589 1145 736 1217 explorato,
754 1147 811 1199 iam
831 1144 960 1216 profectos
983 1145 1097 1210 amieos,

297 1219 859 1292 noctemquietam,utqueadtirmatur‚non
869 1221 1022 1291 insomnem
1032 1221 1096 1293 egit.

296 1294 369 1348 Luce
381 1293 470 1365 prima
481 1295 509 1348 iu
520 1293 620 1349 ferrum
630 1302 733 1368 pectore
742 1295 873 1350 incubuit.
912 1293 954 1349 Ad
963 1295 1098 1367 gemitum

297 1369 434 1425 morientis
449 1370 563 1443 ingressi
580 1369 668 1424 liberti
680 1370 806 1441 servique
818 1377 845 1424 et
858 1368 959 1424 Plotius
973 1370 1095 1435 Firmus,

296 1444 420 1516 praetorii
438 1443 595 1516 praefectus,
611 1461 698 1499 unum
712 1443 813 1498 vulnus
825 1446 960 1503 invenere.
996 1444 1096 1501 ,Funus

297 1525 469 1574 maturatum.
508 1517 665 1575 Ambitiosis
678 1519 707 1574 id
721 1519 846 1590 precibus
858 1520 977 1592 petierat,
993 1535 1031 1574 ne
1040 1537 1097 1574 am-

296 1600 433 1666 putaretur
456 1602 549 1666 caput,
574 1593 690 1650 ludibrio
706 1593 844 1650 dotorum.
884 1593 979 1649 Tulere
998 1611 1096 1667 corpus

296 1669 442 1739 praetoriae
457 1670 586 1735 cohortes,
602 1687 666 1724 eum
679 1668 806 1724 laudibus
818 1678 845 1723 et
854 1668 982 1734 lacrimis,
993 1668 1096 1725 vulnus

297 1760 448 1816 manusque
461 1745 519 1800 eius
532 1744 725 1801 exosculantes.
764 1743 880 1810 Quidem
892 1743 1010 1799 militum
1019 1745 1094 1801 iuxta

297 1835 392 1892 rogum
407 1818 559 1876 interfecere
570 1837 608 1886 se,
631 1837 684 1876 nou
694 1836 762 1873 noxa
771 1835 859 1890 noque
870 1819 905 1874 ob
915 1827 1028 1884 metum,
1050 1818 1092 1876 sed

296 1894 473 1950 aemulatione
482 1895 593 1950 'decoris
612 1902 637 1948 et
655 1895 761 1948 caritate
774 1894 913 1965 principis.
953 1892 1094 1966 Aepostea

296 1971 448 2042 promiscue
456 1969 585 2033 Bedriaci,
596 1967 743 2022 Placentiae
753 1967 868 2040 aliisque
876 1969 905 2023 in
913 1970 1021 2035 castris,
1028 1969 1094 2024 ceie-

296 2043 403 2100 bratum
413 2044 441 2098 id
449 2060 535 2117 genus
545 2049 648 2097 mortis.
659 2041 757 2100 Othoni
766 2043 921 2114 sepulcrum
929 2051 1094 2100 emunctam

297 2127 337 2172 est
346 2118 482 2174 modicum
493 2125 518 2171 et
527 2133 696 2172 mansurum.

352 2195 395 2247 50.
416 2193 493 2247 Hunc
510 2192 579 2248 vitae
593 2191 674 2247 duem
694 2192 789 2250 babuit
797 2193 914 2264 septimo
926 2199 953 2247 et
961 2194 1095 2250 tricesimo

297 2269 476 2324 aetatisanno.
508 2264 590 2340 Origo
603 2267 824 2339 illiemunieipio'
835 2267 985 2324 Ferentino.
1019 2269 1094 2324 Pater

297 2340 458 2398 consularis:
480 2359 547 2398 avus
560 2343 723 2414 praetorius:
744 2352 895 2398 maternum
907 2359 993 2415 genus
1005 2344 1092 2415 inpar,

296 2435 346 2473 nec
364 2424 452 2472 umen
471 2416 636 2472 indecorum.
676 2419 791 2473 Pueritia
805 2435 836 2472 ac
848 2418 971 2482 iuventa,
985 2417 1094 2490 qualem

296 2493 515 2552 monstravimus.
554 2493 664 2550 Duobus
673 2492 845 2558 facinoribus,
856 2491 936 2547 altero
944 2489 1095 2566 flagitiosis-

297 2569 376 2630 simo,
392 2566 600 2642 alterovegregiu
616 2568 772 2623 tantundem
787 2567 858 2638 apud
869 2574 987 2640 posteros
997 2568 1095 2624 meruit

296 2641 485 2709 honestamus,
498 2651 629 2715 quantum
639 2642 733 2697 malae.
754 2641 789 2696 Ut
797 2642 954 2714 conquirere
963 2641 1093 2709 fabulosa,

297 2727 323 2774 et
341 2718 410 2774 fictis
429 2718 558 2774 oblectare
571 2717 717 2792 legentium
730 2718 843 2783 animos,
861 2717 953 2790 procui
967 2720 1096 2791 gravitate

297 2795 382 2866 coepti
395 2795 483 2866 operis
497 2793 671 2850 crediderim:
691 2793 728 2847 ita
743 2791 858 2866 vulgatis
877 2792 1036 2865 traditisque
1048 2794 1095 2849 de-

297 2886 370 2924 mere
385 2868 465 2924 fidem
473 2887 528 2938 uou
539 2870 636 2924 ausim.
676 2868 733 2933 Die,
745 2885 799 2940 quo
807 2867 926 2928 Bedriaci
935 2868 1093 2933 certabatur,

298 2961 375 3000 avem
389 2945 524 3001 invisitata
538 2945 626 3016 specie
640 2942 713 3016 apud
724 2944 838 3018 Regium
852 2943 984 3015 Lepidum
997 2942 1094 3001 celebri
