<?xml version="1.0" encoding="UTF-8"?>
<!DOCTYPE html PUBLIC "-//W3C//DTD XHTML 1.0 Transitional//EN"
    "http://www.w3.org/TR/xhtml1/DTD/xhtml1-transitional.dtd">
<html xmlns="http://www.w3.org/1999/xhtml" xml:lang="en" lang="en">
 <head>
  <title>
</title>
<meta http-equiv="Content-Type" content="text/html;charset=utf-8" />
  <meta name='ocr-system' content='tesseract 3.04.00' />
  <meta name='ocr-capabilities' content='ocr_page ocr_carea ocr_par ocr_line ocrx_word'/>
</head>
<body>
  <div class='ocr_page' id='page_1' title='image "./operaquoadextan01tacigoog_0200.png"; bbox 0 0 2559 3692; ppageno 0'>
   <div class='ocr_carea' id='block_1_1' title="bbox 311 416 1104 497">
    <p class='ocr_par' dir='ltr' id='par_1_1' title="bbox 311 416 1104 497">
     <span class='ocr_line' id='line_1_1' title="bbox 311 416 1104 497; baseline 0.001 -26"><span class='ocrx_word' id='word_1_1' title='bbox 311 418 359 473; x_wconf 78' lang='lat' dir='ltr'>tee</span> <span class='ocrx_word' id='word_1_2' title='bbox 548 424 880 497; x_wconf 72' lang='lat' dir='ltr'>nesronrnrtuu</span> <span class='ocrx_word' id='word_1_3' title='bbox 972 416 1104 491; x_wconf 67' lang='lat' dir='ltr'>(numa.</span> 
     </span>
    </p>
   </div>
   <div class='ocr_carea' id='block_1_2' title="bbox 238 524 1115 2997">
    <p class='ocr_par' dir='ltr' id='par_1_2' title="bbox 306 524 1115 1196">
     <span class='ocr_line' id='line_1_2' title="bbox 309 524 1107 601; baseline 0 -18"><span class='ocrx_word' id='word_1_4' title='bbox 309 524 613 583; x_wconf 73' lang='lat' dir='ltr'>Musoniusvidebatur:</span> <span class='ocrx_word' id='word_1_5' title='bbox 632 525 740 581; x_wconf 88' lang='lat' dir='ltr'>diversa</span> <span class='ocrx_word' id='word_1_6' title='bbox 749 524 820 581; x_wconf 83' lang='lat' dir='ltr'>lama</span> <span class='ocrx_word' id='word_1_7' title='bbox 829 526 970 592; x_wconf 82' lang='lat' dir='ltr'>Demetrio,</span> <span class='ocrx_word' id='word_1_8' title='bbox 980 526 1107 601; x_wconf 72' lang='lat' dir='ltr'>Cynicam</span> 
     </span>
     <span class='ocr_line' id='line_1_3' title="bbox 308 598 1105 673; baseline 0.003 -18"><span class='ocrx_word' id='word_1_9' title='bbox 308 610 408 655; x_wconf 89' lang='lat' dir='ltr'>sectam</span> <span class='ocrx_word' id='word_1_10' title='bbox 416 598 548 671; x_wconf 83' lang='lat' dir='ltr'>professo;</span> <span class='ocrx_word' id='word_1_11' title='bbox 569 598 643 673; x_wconf 88' lang='lat' dir='ltr'>quod</span> <span class='ocrx_word' id='word_1_12' title='bbox 653 600 825 655; x_wconf 86' lang='lat' dir='ltr'>manifestum</span> <span class='ocrx_word' id='word_1_13' title='bbox 839 618 916 655; x_wconf 92' lang='lat' dir='ltr'>reum</span> <span class='ocrx_word' id='word_1_14' title='bbox 929 601 1105 668; x_wconf 80' lang='lat' dir='ltr'>ambitiosius,</span> 
     </span>
     <span class='ocr_line' id='line_1_4' title="bbox 308 674 1107 748; baseline 0 -17"><span class='ocrx_word' id='word_1_15' title='bbox 308 693 391 748; x_wconf 89' lang='lat' dir='ltr'>quam</span> <span class='ocrx_word' id='word_1_16' title='bbox 405 675 553 740; x_wconf 79' lang='lat' dir='ltr'>honestius,</span> <span class='ocrx_word' id='word_1_17' title='bbox 568 674 739 731; x_wconf 78' lang='lat' dir='ltr'>defendisset.</span> <span class='ocrx_word' id='word_1_18' title='bbox 778 676 833 746; x_wconf 91' lang='lat' dir='ltr'>lpsi</span> <span class='ocrx_word' id='word_1_19' title='bbox 847 674 943 731; x_wconf 91' lang='lat' dir='ltr'>Publio</span> <span class='ocrx_word' id='word_1_20' title='bbox 954 692 1043 748; x_wconf 89' lang='lat' dir='ltr'>neque</span> <span class='ocrx_word' id='word_1_21' title='bbox 1053 677 1107 731; x_wconf 88' lang='lat' dir='ltr'>ani-</span> 
     </span>
     <span class='ocr_line' id='line_1_5' title="bbox 308 749 1107 824; baseline 0 -19"><span class='ocrx_word' id='word_1_22' title='bbox 308 768 371 805; x_wconf 92' lang='lat' dir='ltr'>mus</span> <span class='ocrx_word' id='word_1_23' title='bbox 380 751 410 805; x_wconf 89' lang='lat' dir='ltr'>in</span> <span class='ocrx_word' id='word_1_24' title='bbox 419 749 556 821; x_wconf 89' lang='lat' dir='ltr'>periculis,</span> <span class='ocrx_word' id='word_1_25' title='bbox 568 767 656 821; x_wconf 88' lang='lat' dir='ltr'>neque</span> <span class='ocrx_word' id='word_1_26' title='bbox 664 752 746 805; x_wconf 91' lang='lat' dir='ltr'>oratio</span> <span class='ocrx_word' id='word_1_27' title='bbox 755 750 945 820; x_wconf 86' lang='lat' dir='ltr'>suppeditavit.</span> <span class='ocrx_word' id='word_1_28' title='bbox 975 749 1107 824; x_wconf 79' lang='lat' dir='ltr'>Signoul-</span> 
     </span>
     <span class='ocr_line' id='line_1_6' title="bbox 308 824 1115 895; baseline -0.002 -14"><span class='ocrx_word' id='word_1_29' title='bbox 308 826 388 881; x_wconf 90' lang='lat' dir='ltr'>tionis</span> <span class='ocrx_word' id='word_1_30' title='bbox 402 826 431 879; x_wconf 91' lang='lat' dir='ltr'>in</span> <span class='ocrx_word' id='word_1_31' title='bbox 445 824 612 880; x_wconf 87' lang='lat' dir='ltr'>adousatores</span> <span class='ocrx_word' id='word_1_32' title='bbox 621 824 692 890; x_wconf 87' lang='lat' dir='ltr'>dato,</span> <span class='ocrx_word' id='word_1_33' title='bbox 708 825 798 895; x_wconf 89' lang='lat' dir='ltr'>petita</span> <span class='ocrx_word' id='word_1_34' title='bbox 808 824 919 879; x_wconf 76' lang='lat' dir='ltr'>Caesare</span> <span class='ocrx_word' id='word_1_35' title='bbox 928 825 1024 881; x_wconf 81' lang='lat' dir='ltr'>Irmius</span> <span class='ocrx_word' id='word_1_36' title='bbox 1033 826 1115 881; x_wconf 74' lang='lat' dir='ltr'>Mau:</span> 
     </span>
     <span class='ocr_line' id='line_1_7' title="bbox 306 897 1106 971; baseline 0 -16"><span class='ocrx_word' id='word_1_37' title='bbox 306 902 390 966; x_wconf 90' lang='lat' dir='ltr'>ricus,</span> <span class='ocrx_word' id='word_1_38' title='bbox 402 906 432 955; x_wconf 91' lang='lat' dir='ltr'>ut</span> <span class='ocrx_word' id='word_1_39' title='bbox 440 900 690 954; x_wconf 86' lang='lat' dir='ltr'>commentariorum</span> <span class='ocrx_word' id='word_1_40' title='bbox 700 897 891 971; x_wconf 77' lang='lat' dir='ltr'>principalium</span> <span class='ocrx_word' id='word_1_41' title='bbox 901 906 1057 971; x_wconf 86' lang='lat' dir='ltr'>potestatem</span> <span class='ocrx_word' id='word_1_42' title='bbox 1066 917 1106 967; x_wconf 60' lang='lat' dir='ltr'>se:</span> 
     </span>
     <span class='ocr_line' id='line_1_8' title="bbox 307 974 1105 1046; baseline 0 -17"><span class='ocrx_word' id='word_1_43' title='bbox 307 976 383 1029; x_wconf 83' lang='lat' dir='ltr'>notui</span> <span class='ocrx_word' id='word_1_44' title='bbox 397 974 501 1039; x_wconf 86' lang='lat' dir='ltr'>faceret,</span> <span class='ocrx_word' id='word_1_45' title='bbox 516 990 563 1045; x_wconf 93' lang='lat' dir='ltr'>per</span> <span class='ocrx_word' id='word_1_46' title='bbox 578 990 647 1046; x_wconf 87' lang='lat' dir='ltr'>quos</span> <span class='ocrx_word' id='word_1_47' title='bbox 659 980 786 1039; x_wconf 85' lang='lat' dir='ltr'>nosceret,</span> <span class='ocrx_word' id='word_1_48' title='bbox 806 990 889 1045; x_wconf 91' lang='lat' dir='ltr'>quem</span> <span class='ocrx_word' id='word_1_49' title='bbox 899 974 1018 1045; x_wconf 82' lang='lat' dir='ltr'>quisque</span> <span class='ocrx_word' id='word_1_50' title='bbox 1027 974 1105 1029; x_wconf 89' lang='lat' dir='ltr'>adou-</span> 
     </span>
     <span class='ocr_line' id='line_1_9' title="bbox 307 1046 1104 1127; baseline 0.003 -24"><span class='ocrx_word' id='word_1_51' title='bbox 307 1049 421 1104; x_wconf 88' lang='lat' dir='ltr'>sandum</span> <span class='ocrx_word' id='word_1_52' title='bbox 430 1048 603 1119; x_wconf 74' lang='lat' dir='ltr'>poposcisset.</span> <span class='ocrx_word' id='word_1_53' title='bbox 635 1046 839 1127; x_wconf 72' lang='lat' dir='ltr'>consulendum</span> <span class='ocrx_word' id='word_1_54' title='bbox 847 1048 893 1103; x_wconf 87' lang='lat' dir='ltr'>tali</span> <span class='ocrx_word' id='word_1_55' title='bbox 903 1066 986 1120; x_wconf 89' lang='lat' dir='ltr'>super</span> <span class='ocrx_word' id='word_1_56' title='bbox 995 1066 1025 1104; x_wconf 90' lang='lat' dir='ltr'>re</span> <span class='ocrx_word' id='word_1_57' title='bbox 1033 1049 1104 1121; x_wconf 88' lang='lat' dir='ltr'>prin·</span> 
     </span>
     <span class='ocr_line' id='line_1_10' title="bbox 307 1122 594 1196; baseline -0.01 -17"><span class='ocrx_word' id='word_1_58' title='bbox 307 1126 404 1196; x_wconf 89' lang='lat' dir='ltr'>cipem,</span> <span class='ocrx_word' id='word_1_59' title='bbox 415 1122 559 1193; x_wconf 90' lang='lat' dir='ltr'>respondit.</span> <span class='ocrx_word' id='word_1_60' title='bbox 590 1152 594 1159; x_wconf 96' lang='lat'>-</span> 
     </span>
    </p>

    <p class='ocr_par' dir='ltr' id='par_1_3' title="bbox 238 1192 1105 2744">
     <span class='ocr_line' id='line_1_11' title="bbox 363 1192 1105 1271; baseline 0.001 -19"><span class='ocrx_word' id='word_1_61' title='bbox 363 1200 405 1252; x_wconf 83' lang='lat' dir='ltr'>tr.</span> <span class='ocrx_word' id='word_1_62' title='bbox 425 1195 548 1261; x_wconf 63' lang='lat' dir='ltr'>Senam,</span> <span class='ocrx_word' id='word_1_63' title='bbox 568 1192 755 1252; x_wconf 81' lang='lat' dir='ltr'>inchoantibus</span> <span class='ocrx_word' id='word_1_64' title='bbox 774 1198 949 1271; x_wconf 88' lang='lat' dir='ltr'>primoribus,</span> <span class='ocrx_word' id='word_1_65' title='bbox 971 1198 1105 1255; x_wconf 87' lang='lat' dir='ltr'>iusiuran-</span> 
     </span>
     <span class='ocr_line' id='line_1_12' title="bbox 307 1272 1104 1343; baseline 0 -16"><span class='ocrx_word' id='word_1_66' title='bbox 307 1272 373 1327; x_wconf 90' lang='lat' dir='ltr'>dum</span> <span class='ocrx_word' id='word_1_67' title='bbox 385 1272 513 1343; x_wconf 79' lang='lat' dir='ltr'>concepit,</span> <span class='ocrx_word' id='word_1_68' title='bbox 529 1288 584 1343; x_wconf 92' lang='lat' dir='ltr'>quo</span> <span class='ocrx_word' id='word_1_69' title='bbox 598 1273 717 1328; x_wconf 87' lang='lat' dir='ltr'>certatim</span> <span class='ocrx_word' id='word_1_70' title='bbox 730 1290 823 1327; x_wconf 87' lang='lat' dir='ltr'>omnes</span> <span class='ocrx_word' id='word_1_71' title='bbox 834 1290 862 1327; x_wconf 91' lang='lat' dir='ltr'>m</span> <span class='ocrx_word' id='word_1_72' title='bbox 899 1274 905 1285; x_wconf 86' lang='lat'>&#39;</span> <span class='ocrx_word' id='word_1_73' title='bbox 922 1280 1017 1338; x_wconf 78' lang='lat' dir='ltr'>natus,</span> <span class='ocrx_word' id='word_1_74' title='bbox 1029 1276 1104 1329; x_wconf 86' lang='lat' dir='ltr'>ceteri</span> 
     </span>
     <span class='ocr_line' id='line_1_13' title="bbox 305 1346 1103 1421; baseline 0.001 -20"><span class='ocrx_word' id='word_1_75' title='bbox 305 1354 336 1412; x_wconf 84' lang='lat' dir='ltr'>ut</span> <span class='ocrx_word' id='word_1_76' title='bbox 345 1347 502 1401; x_wconf 86' lang='lat' dir='ltr'>sententiam</span> <span class='ocrx_word' id='word_1_77' title='bbox 513 1346 683 1421; x_wconf 82' lang='lat' dir='ltr'>rogabantur,</span> <span class='ocrx_word' id='word_1_78' title='bbox 697 1346 760 1403; x_wconf 87' lang='lat' dir='ltr'>deos</span> <span class='ocrx_word' id='word_1_79' title='bbox 769 1355 848 1403; x_wconf 86' lang='lat' dir='ltr'>testes</span> <span class='ocrx_word' id='word_1_80' title='bbox 858 1364 873 1402; x_wconf 86' lang='lat' dir='ltr'>a</span> <span class='ocrx_word' id='word_1_81' title='bbox 892 1348 1031 1414; x_wconf 84' lang='lat' dir='ltr'>vocabant,</span> <span class='ocrx_word' id='word_1_82' title='bbox 1042 1352 1103 1405; x_wconf 79' lang='lat' dir='ltr'>ttiltit</span> 
     </span>
     <span class='ocr_line' id='line_1_14' title="bbox 305 1412 1103 1495; baseline 0.003 -20"><span class='ocrx_word' id='word_1_83' title='bbox 305 1438 352 1489; x_wconf 83' lang='lat' dir='ltr'>opo</span> <span class='ocrx_word' id='word_1_84' title='bbox 364 1431 414 1475; x_wconf 82' lang='lat' dir='ltr'>auc</span> <span class='ocrx_word' id='word_1_85' title='bbox 427 1412 532 1490; x_wconf 67' lang='lat' dir='ltr'>foetam,</span> <span class='ocrx_word' id='word_1_86' title='bbox 549 1439 600 1491; x_wconf 82' lang='lat' dir='ltr'>qoo</span> <span class='ocrx_word' id='word_1_87' title='bbox 614 1426 767 1491; x_wconf 79' lang='lat' dir='ltr'>cuiusquam</span> <span class='ocrx_word' id='word_1_88' title='bbox 778 1425 851 1477; x_wconf 82' lang='lat' dir='ltr'>solue</span> <span class='ocrx_word' id='word_1_89' title='bbox 861 1426 1016 1495; x_wconf 73' lang='lat' dir='ltr'>laederetur,</span> <span class='ocrx_word' id='word_1_90' title='bbox 1027 1440 1103 1493; x_wconf 74' lang='lat' dir='ltr'>raeque</span> 
     </span>
     <span class='ocr_line' id='line_1_15' title="bbox 304 1500 1102 1567; baseline 0.003 -18"><span class='ocrx_word' id='word_1_91' title='bbox 304 1512 332 1549; x_wconf 81' lang='lat' dir='ltr'>se</span> <span class='ocrx_word' id='word_1_92' title='bbox 338 1500 484 1563; x_wconf 79' lang='lat' dir='ltr'>proemium</span> <span class='ocrx_word' id='word_1_93' title='bbox 496 1505 543 1551; x_wconf 81' lang='lat' dir='ltr'>out</span> <span class='ocrx_word' id='word_1_94' title='bbox 556 1500 677 1551; x_wconf 79' lang='lat' dir='ltr'>bonorem</span> <span class='ocrx_word' id='word_1_95' title='bbox 685 1514 720 1549; x_wconf 84' lang='lat' dir='ltr'>eor</span> <span class='ocrx_word' id='word_1_96' title='bbox 729 1500 877 1551; x_wconf 78' lang='lat' dir='ltr'>calamitate</span> <span class='ocrx_word' id='word_1_97' title='bbox 887 1502 984 1552; x_wconf 79' lang='lat' dir='ltr'>ciatrem</span> <span class='ocrx_word' id='word_1_98' title='bbox 996 1503 1102 1567; x_wconf 78' lang='lat' dir='ltr'>cepisse:</span> 
     </span>
     <span class='ocr_line' id='line_1_16' title="bbox 305 1569 1101 1642; baseline 0.005 -19"><span class='ocrx_word' id='word_1_99' title='bbox 305 1569 415 1640; x_wconf 86' lang='lat' dir='ltr'>trepidis</span> <span class='ocrx_word' id='word_1_100' title='bbox 425 1576 451 1624; x_wconf 87' lang='lat' dir='ltr'>et</span> <span class='ocrx_word' id='word_1_101' title='bbox 462 1570 542 1625; x_wconf 84' lang='lat' dir='ltr'>rerba</span> <span class='ocrx_word' id='word_1_102' title='bbox 551 1570 727 1626; x_wconf 87' lang='lat' dir='ltr'>iurisiurandi</span> <span class='ocrx_word' id='word_1_103' title='bbox 741 1572 886 1642; x_wconf 85' lang='lat' dir='ltr'>pervarias</span> <span class='ocrx_word' id='word_1_104' title='bbox 898 1579 967 1627; x_wconf 86' lang='lat' dir='ltr'>artes</span> <span class='ocrx_word' id='word_1_105' title='bbox 977 1573 1101 1627; x_wconf 84' lang='lat' dir='ltr'>mutanti·</span> 
     </span>
     <span class='ocr_line' id='line_1_17' title="bbox 238 1642 1103 1721; baseline 0.005 -24"><span class='ocrx_word' id='word_1_106' title='bbox 238 1645 240 1649; x_wconf 79' lang='grc'>’</span> <span class='ocrx_word' id='word_1_107' title='bbox 305 1643 367 1709; x_wconf 88' lang='lat' dir='ltr'>bus,</span> <span class='ocrx_word' id='word_1_108' title='bbox 379 1645 442 1716; x_wconf 92' lang='lat' dir='ltr'>quis</span> <span class='ocrx_word' id='word_1_109' title='bbox 451 1642 545 1718; x_wconf 82' lang='lat' dir='ltr'>flagitii</span> <span class='ocrx_word' id='word_1_110' title='bbox 554 1647 713 1702; x_wconf 85' lang='lat' dir='ltr'>couscientia</span> <span class='ocrx_word' id='word_1_111' title='bbox 723 1646 817 1702; x_wconf 88' lang='lat' dir='ltr'>inerat.</span> <span class='ocrx_word' id='word_1_112' title='bbox 857 1646 1005 1703; x_wconf 80' lang='lat' dir='ltr'>Probabant</span> <span class='ocrx_word' id='word_1_113' title='bbox 1015 1646 1103 1721; x_wconf 81' lang='lat' dir='ltr'>religi·</span> 
     </span>
     <span class='ocr_line' id='line_1_18' title="bbox 304 1720 1104 1793; baseline 0.005 -20"><span class='ocrx_word' id='word_1_114' title='bbox 304 1735 383 1774; x_wconf 90' lang='lat' dir='ltr'>onem</span> <span class='ocrx_word' id='word_1_115' title='bbox 392 1727 489 1790; x_wconf 76' lang='lat' dir='ltr'>panes,</span> <span class='ocrx_word' id='word_1_116' title='bbox 501 1721 652 1791; x_wconf 89' lang='lat' dir='ltr'>periurium</span> <span class='ocrx_word' id='word_1_117' title='bbox 664 1721 818 1793; x_wconf 82' lang='lat' dir='ltr'>arguebant.</span> <span class='ocrx_word' id='word_1_118' title='bbox 857 1720 950 1793; x_wconf 84' lang='lat' dir='ltr'>anue</span> <span class='ocrx_word' id='word_1_119' title='bbox 959 1721 1036 1779; x_wconf 83' lang='lat' dir='ltr'>velut</span> <span class='ocrx_word' id='word_1_120' title='bbox 1045 1739 1104 1777; x_wconf 87' lang='lat' dir='ltr'>cen·</span> 
     </span>
     <span class='ocr_line' id='line_1_19' title="bbox 303 1793 1104 1852; baseline 0.002 -3"><span class='ocrx_word' id='word_1_121' title='bbox 303 1812 367 1849; x_wconf 90' lang='lat' dir='ltr'>sura</span> <span class='ocrx_word' id='word_1_122' title='bbox 386 1795 415 1849; x_wconf 92' lang='lat' dir='ltr'>in</span> <span class='ocrx_word' id='word_1_123' title='bbox 429 1793 597 1851; x_wconf 79' lang='lat' dir='ltr'>Sariolenum</span> <span class='ocrx_word' id='word_1_124' title='bbox 610 1795 739 1852; x_wconf 86' lang='lat' dir='ltr'>Voculam</span> <span class='ocrx_word' id='word_1_125' title='bbox 757 1803 783 1849; x_wconf 86' lang='lat' dir='ltr'>et</span> <span class='ocrx_word' id='word_1_126' title='bbox 795 1796 913 1851; x_wconf 88' lang='lat' dir='ltr'>Nonium</span> <span class='ocrx_word' id='word_1_127' title='bbox 926 1795 1072 1852; x_wconf 79' lang='lat' dir='ltr'>tintinnum</span> <span class='ocrx_word' id='word_1_128' title='bbox 1081 1806 1104 1851; x_wconf 93' lang='lat' dir='ltr'>et</span> 
     </span>
     <span class='ocr_line' id='line_1_20' title="bbox 303 1868 1104 1943; baseline 0.004 -19"><span class='ocrx_word' id='word_1_129' title='bbox 303 1868 424 1925; x_wconf 86' lang='lat' dir='ltr'>Cestium</span> <span class='ocrx_word' id='word_1_130' title='bbox 438 1868 566 1927; x_wconf 86' lang='lat' dir='ltr'>Severum</span> <span class='ocrx_word' id='word_1_131' title='bbox 578 1871 707 1925; x_wconf 88' lang='lat' dir='ltr'>acerrime</span> <span class='ocrx_word' id='word_1_132' title='bbox 716 1870 847 1935; x_wconf 87' lang='lat' dir='ltr'>incubuit,</span> <span class='ocrx_word' id='word_1_133' title='bbox 859 1870 959 1925; x_wconf 87' lang='lat' dir='ltr'>crebris</span> <span class='ocrx_word' id='word_1_134' title='bbox 969 1871 1045 1943; x_wconf 88' lang='lat' dir='ltr'>apud</span> <span class='ocrx_word' id='word_1_135' title='bbox 1053 1872 1104 1927; x_wconf 87' lang='lat' dir='ltr'>Ne·</span> 
     </span>
     <span class='ocr_line' id='line_1_21' title="bbox 303 1939 1103 2006; baseline 0.004 -7"><span class='ocrx_word' id='word_1_136' title='bbox 303 1961 397 1999; x_wconf 91' lang='lat' dir='ltr'>rouem</span> <span class='ocrx_word' id='word_1_137' title='bbox 415 1943 592 2000; x_wconf 87' lang='lat' dir='ltr'>delationibus</span> <span class='ocrx_word' id='word_1_138' title='bbox 615 1939 740 2000; x_wconf 82' lang='lat' dir='ltr'>famosos.</span> <span class='ocrx_word' id='word_1_139' title='bbox 779 1943 948 2006; x_wconf 86' lang='lat' dir='ltr'>Sariolenum</span> <span class='ocrx_word' id='word_1_140' title='bbox 967 1954 994 2001; x_wconf 91' lang='lat' dir='ltr'>et</span> <span class='ocrx_word' id='word_1_141' title='bbox 1012 1964 1103 2002; x_wconf 89' lang='lat' dir='ltr'>recens</span> 
     </span>
     <span class='ocr_line' id='line_1_22' title="bbox 303 2018 1104 2091; baseline 0.005 -18"><span class='ocrx_word' id='word_1_142' title='bbox 303 2021 405 2073; x_wconf 86' lang='lat' dir='ltr'>crimen</span> <span class='ocrx_word' id='word_1_143' title='bbox 424 2020 544 2091; x_wconf 82' lang='lat' dir='ltr'>urgebat,</span> <span class='ocrx_word' id='word_1_144' title='bbox 563 2018 637 2090; x_wconf 90' lang='lat' dir='ltr'>quod</span> <span class='ocrx_word' id='word_1_145' title='bbox 655 2019 727 2090; x_wconf 90' lang='lat' dir='ltr'>epud</span> <span class='ocrx_word' id='word_1_146' title='bbox 735 2018 874 2076; x_wconf 85' lang='lat' dir='ltr'>Vitellium</span> <span class='ocrx_word' id='word_1_147' title='bbox 887 2020 997 2077; x_wconf 86' lang='lat' dir='ltr'>molitus</span> <span class='ocrx_word' id='word_1_148' title='bbox 1012 2021 1104 2077; x_wconf 89' lang='lat' dir='ltr'>eadem</span> 
     </span>
     <span class='ocr_line' id='line_1_23' title="bbox 303 2093 1102 2161; baseline 0.006 -15"><span class='ocrx_word' id='word_1_149' title='bbox 303 2094 377 2147; x_wconf 84' lang='lat' dir='ltr'>toret.</span> <span class='ocrx_word' id='word_1_150' title='bbox 416 2093 472 2147; x_wconf 90' lang='lat' dir='ltr'>Nec</span> <span class='ocrx_word' id='word_1_151' title='bbox 483 2093 584 2148; x_wconf 87' lang='lat' dir='ltr'>destitit</span> <span class='ocrx_word' id='word_1_152' title='bbox 597 2102 705 2149; x_wconf 86' lang='lat' dir='ltr'>senatus</span> <span class='ocrx_word' id='word_1_153' title='bbox 722 2112 819 2149; x_wconf 87' lang='lat' dir='ltr'>manus</span> <span class='ocrx_word' id='word_1_154' title='bbox 833 2096 962 2150; x_wconf 85' lang='lat' dir='ltr'>intentare</span> <span class='ocrx_word' id='word_1_155' title='bbox 975 2095 1102 2161; x_wconf 87' lang='lat' dir='ltr'>Voculae,</span> 
     </span>
     <span class='ocr_line' id='line_1_24' title="bbox 268 2166 1105 2233; baseline 0.005 -12"><span class='ocrx_word' id='word_1_156' title='bbox 268 2182 273 2193; x_wconf 75' lang='lat'><strong><em>¹</em></strong></span> <span class='ocrx_word' id='word_1_157' title='bbox 302 2167 468 2222; x_wconf 89' lang='lat' dir='ltr'>doneccuria</span> <span class='ocrx_word' id='word_1_158' title='bbox 480 2166 626 2224; x_wconf 82' lang='lat' dir='ltr'>excederet.</span> <span class='ocrx_word' id='word_1_159' title='bbox 665 2168 708 2223; x_wconf 80' lang='lat' dir='ltr'>tu</span> <span class='ocrx_word' id='word_1_160' title='bbox 720 2169 839 2224; x_wconf 89' lang='lat' dir='ltr'>Pactium</span> <span class='ocrx_word' id='word_1_161' title='bbox 849 2166 1006 2233; x_wconf 84' lang='lat' dir='ltr'>Africanum</span> <span class='ocrx_word' id='word_1_162' title='bbox 1017 2179 1105 2225; x_wconf 84' lang='lat' dir='ltr'>trans·</span> 
     </span>
     <span class='ocr_line' id='line_1_25' title="bbox 295 2241 1105 2315; baseline 0.009 -21"><span class='ocrx_word' id='word_1_163' title='bbox 295 2241 396 2315; x_wconf 72' lang='lat' dir='ltr'>gressi,</span> <span class='ocrx_word' id='word_1_164' title='bbox 408 2257 472 2295; x_wconf 89' lang='lat' dir='ltr'>eum</span> <span class='ocrx_word' id='word_1_165' title='bbox 483 2248 594 2315; x_wconf 87' lang='lat' dir='ltr'>quoque&#39;</span> <span class='ocrx_word' id='word_1_166' title='bbox 600 2244 766 2315; x_wconf 86' lang='lat' dir='ltr'>proturbant,</span> <span class='ocrx_word' id='word_1_167' title='bbox 775 2252 913 2315; x_wconf 82' lang='lat' dir='ltr'>tamquam</span> <span class='ocrx_word' id='word_1_168' title='bbox 922 2245 1024 2301; x_wconf 91' lang='lat' dir='ltr'>Neroni</span> <span class='ocrx_word' id='word_1_169' title='bbox 1034 2245 1105 2303; x_wconf 88' lang='lat' dir='ltr'>Scri·</span> 
     </span>
     <span class='ocr_line' id='line_1_26' title="bbox 301 2314 1104 2393; baseline 0.012 -25"><span class='ocrx_word' id='word_1_170' title='bbox 301 2314 395 2369; x_wconf 89' lang='lat' dir='ltr'>bonios</span> <span class='ocrx_word' id='word_1_171' title='bbox 405 2314 509 2382; x_wconf 80' lang='lat' dir='ltr'>fratres,</span> <span class='ocrx_word' id='word_1_172' title='bbox 524 2318 663 2374; x_wconf 86' lang='lat' dir='ltr'>concordia</span> <span class='ocrx_word' id='word_1_173' title='bbox 675 2318 827 2391; x_wconf 86' lang='lat' dir='ltr'>opibusque</span> <span class='ocrx_word' id='word_1_174' title='bbox 841 2320 972 2393; x_wconf 85' lang='lat' dir='ltr'>insignes,</span> <span class='ocrx_word' id='word_1_175' title='bbox 995 2320 1031 2375; x_wconf 86' lang='lat' dir='ltr'>ad</span> <span class='ocrx_word' id='word_1_176' title='bbox 1048 2322 1104 2377; x_wconf 83' lang='lat' dir='ltr'>exi-</span> 
     </span>
     <span class='ocr_line' id='line_1_27' title="bbox 300 2391 1101 2467; baseline 0.007 -23"><span class='ocrx_word' id='word_1_177' title='bbox 300 2391 370 2444; x_wconf 92' lang='lat' dir='ltr'>tium</span> <span class='ocrx_word' id='word_1_178' title='bbox 388 2392 598 2447; x_wconf 83' lang='lat' dir='ltr'>monstravisset.</span> <span class='ocrx_word' id='word_1_179' title='bbox 637 2392 780 2449; x_wconf 79' lang='lat' dir='ltr'>Africanus</span> <span class='ocrx_word' id='word_1_180' title='bbox 794 2411 883 2467; x_wconf 89' lang='lat' dir='ltr'>neque</span> <span class='ocrx_word' id='word_1_181' title='bbox 892 2394 967 2451; x_wconf 87' lang='lat' dir='ltr'>lateri</span> <span class='ocrx_word' id='word_1_182' title='bbox 976 2396 1101 2461; x_wconf 82' lang='lat' dir='ltr'>audebat,</span> 
     </span>
     <span class='ocr_line' id='line_1_28' title="bbox 301 2464 1104 2542; baseline 0.012 -24"><span class='ocrx_word' id='word_1_183' title='bbox 301 2479 390 2535; x_wconf 89' lang='lat' dir='ltr'>neque</span> <span class='ocrx_word' id='word_1_184' title='bbox 398 2464 515 2520; x_wconf 89' lang='lat' dir='ltr'>abnuere</span> <span class='ocrx_word' id='word_1_185' title='bbox 524 2474 637 2537; x_wconf 84' lang='lat' dir='ltr'>poterat:</span> <span class='ocrx_word' id='word_1_186' title='bbox 659 2469 688 2524; x_wconf 92' lang='lat' dir='ltr'>in</span> <span class='ocrx_word' id='word_1_187' title='bbox 700 2468 811 2525; x_wconf 90' lang='lat' dir='ltr'>Vibium</span> <span class='ocrx_word' id='word_1_188' title='bbox 821 2469 957 2542; x_wconf 88' lang='lat' dir='ltr'>Crispum,</span> <span class='ocrx_word' id='word_1_189' title='bbox 969 2472 1052 2527; x_wconf 91' lang='lat' dir='ltr'>ouius</span> <span class='ocrx_word' id='word_1_190' title='bbox 1062 2473 1104 2527; x_wconf 91' lang='lat' dir='ltr'>in·</span> 
     </span>
     <span class='ocr_line' id='line_1_29' title="bbox 300 2539 1103 2615; baseline 0.011 -23"><span class='ocrx_word' id='word_1_191' title='bbox 300 2539 521 2611; x_wconf 86' lang='lat' dir='ltr'>terrogationibus</span> <span class='ocrx_word' id='word_1_192' title='bbox 536 2540 703 2615; x_wconf 83' lang='lat' dir='ltr'>fatigabatur,</span> <span class='ocrx_word' id='word_1_193' title='bbox 717 2543 788 2600; x_wconf 90' lang='lat' dir='ltr'>ultro</span> <span class='ocrx_word' id='word_1_194' title='bbox 797 2562 952 2612; x_wconf 84' lang='lat' dir='ltr'>conversus,</span> <span class='ocrx_word' id='word_1_195' title='bbox 963 2546 1103 2603; x_wconf 87' lang='lat' dir='ltr'>miscendo</span> 
     </span>
     <span class='ocr_line' id='line_1_30' title="bbox 299 2612 1103 2742; baseline 0.015 -76"><span class='ocrx_word' id='word_1_196' title='bbox 299 2630 370 2742; x_wconf 69' lang='lat' dir='ltr'>qluae</span> <span class='ocrx_word' id='word_1_197' title='bbox 379 2612 518 2670; x_wconf 77' lang='lat' dir='ltr'>defendere</span> <span class='ocrx_word' id='word_1_198' title='bbox 527 2617 664 2694; x_wconf 83' lang='lat' dir='ltr'>nequibat,</span> <span class='ocrx_word' id='word_1_199' title='bbox 675 2618 798 2675; x_wconf 84' lang='lat' dir='ltr'>societate</span> <span class='ocrx_word' id='word_1_200' title='bbox 807 2619 902 2693; x_wconf 89' lang='lat' dir='ltr'>culpae</span> <span class='ocrx_word' id='word_1_201' title='bbox 913 2621 1048 2677; x_wconf 86' lang='lat' dir='ltr'>invidiam</span> <span class='ocrx_word' id='word_1_202' title='bbox 1057 2621 1103 2677; x_wconf 87' lang='lat' dir='ltr'>de-</span> 
     </span>
     <span class='ocr_line' id='line_1_31' title="bbox 299 2689 999 2744; baseline -0.001 0"><span class='ocrx_word' id='word_1_203' title='bbox 299 2689 419 2744; x_wconf 87' lang='lat' dir='ltr'>oinavit.</span> <span class='ocrx_word' id='word_1_204' title='bbox 746 2714 750 2723; x_wconf 91' lang='lat'><strong>·</strong></span> <span class='ocrx_word' id='word_1_205' title='bbox 997 2736 999 2743; x_wconf 81' lang='grc'>,</span> 
     </span>
    </p>

    <p class='ocr_par' dir='ltr' id='par_1_4' title="bbox 292 2764 1103 2997">
     <span class='ocr_line' id='line_1_32' title="bbox 355 2764 1101 2843; baseline 0.016 -25"><span class='ocrx_word' id='word_1_206' title='bbox 355 2765 397 2820; x_wconf 71' lang='lat' dir='ltr'>li.</span> <span class='ocrx_word' id='word_1_207' title='bbox 418 2764 543 2837; x_wconf 83' lang='lat' dir='ltr'>Magnam</span> <span class='ocrx_word' id='word_1_208' title='bbox 558 2781 589 2821; x_wconf 93' lang='lat' dir='ltr'>eo</span> <span class='ocrx_word' id='word_1_209' title='bbox 602 2764 646 2819; x_wconf 90' lang='lat' dir='ltr'>die</span> <span class='ocrx_word' id='word_1_210' title='bbox 655 2766 760 2843; x_wconf 87' lang='lat' dir='ltr'>pietatis</span> <span class='ocrx_word' id='word_1_211' title='bbox 770 2768 991 2843; x_wconf 86' lang='lat' dir='ltr'>eloquentiaeque</span> <span class='ocrx_word' id='word_1_212' title='bbox 1001 2771 1101 2829; x_wconf 81' lang='lat' dir='ltr'>famam</span> 
     </span>
     <span class='ocr_line' id='line_1_33' title="bbox 292 2836 1103 2912; baseline 0.016 -21"><span class='ocrx_word' id='word_1_213' title='bbox 292 2836 445 2909; x_wconf 78' lang='lat' dir='ltr'>&#39;Vipstanus</span> <span class='ocrx_word' id='word_1_214' title='bbox 456 2838 579 2895; x_wconf 80' lang='lat' dir='ltr'>Messalla</span> <span class='ocrx_word' id='word_1_215' title='bbox 591 2839 703 2911; x_wconf 89' lang='lat' dir='ltr'>adeptus</span> <span class='ocrx_word' id='word_1_216' title='bbox 716 2849 765 2907; x_wconf 88' lang='lat' dir='ltr'>est,</span> <span class='ocrx_word' id='word_1_217' title='bbox 780 2843 900 2912; x_wconf 88' lang='lat' dir='ltr'>noudum</span> <span class='ocrx_word' id='word_1_218' title='bbox 913 2850 1048 2903; x_wconf 85' lang='lat' dir='ltr'>senatoria</span> <span class='ocrx_word' id='word_1_219' title='bbox 1059 2867 1103 2903; x_wconf 84' lang='lat' dir='ltr'>ne-</span> 
     </span>
     <span class='ocr_line' id='line_1_34' title="bbox 298 2913 1102 2997; baseline 0.014 -30"><span class='ocrx_word' id='word_1_220' title='bbox 298 2920 360 2979; x_wconf 89' lang='lat' dir='ltr'>tete,</span> <span class='ocrx_word' id='word_1_221' title='bbox 372 2931 456 2969; x_wconf 89' lang='lat' dir='ltr'>ausus</span> <span class='ocrx_word' id='word_1_222' title='bbox 464 2930 514 2986; x_wconf 93' lang='lat' dir='ltr'>pro</span> <span class='ocrx_word' id='word_1_223' title='bbox 523 2913 602 2971; x_wconf 81' lang='lat' dir='ltr'>tratre</span> <span class='ocrx_word' id='word_1_224' title='bbox 610 2915 720 2989; x_wconf 79' lang='lat' dir='ltr'>Aquilio</span> <span class='ocrx_word' id='word_1_225' title='bbox 729 2915 986 2991; x_wconf 80' lang='lat' dir='ltr'>Regulodeprecari.</span> <span class='ocrx_word' id='word_1_226' title='bbox 1011 2922 1102 2997; x_wconf 77' lang='lat' dir='ltr'>Regu-</span> 
     </span>
    </p>
   </div>
   <div class='ocr_carea' id='block_1_3' title="bbox 0 0 1284 3692">
    <p class='ocr_par' dir='ltr' id='par_1_5' title="bbox 0 0 1284 3692">
     <span class='ocr_line' id='line_1_35' title="bbox 0 0 1284 3692; baseline 0 4"><span class='ocrx_word' id='word_1_227' title='bbox 0 0 1284 3692; x_wconf 95' lang='lat' dir='ltr'> </span> 
     </span>
    </p>
   </div>
  </div>
 </body>
</html>
