2559 3692
302 423 336 476 et
540 425 861 474 ursnomanurr
960 415 1104 490 (nusae.

321 527 415 584 ularia.
453 525 600 584 Auctoritas
614 525 703 582 Cluvii
715 525 873 597 praevaluit,
886 531 918 580 ut
924 525 1019 598 prmiri
1029 524 1105 580 ultro

301 546 426 658 libertum
445 619 526 658 suum
536 601 659 658 Vitellius
676 601 788 655 iuberet.
828 599 941 656 Cluvius
960 601 1104 655 eomitatui

301 678 431 749 principis
443 677 570 742 adiectus,
586 693 638 731 non
653 674 774 746 adempta
783 674 920 744 Hispania,
933 691 1019 746 wem
1031 676 1103 736 rexit

302 752 407 818 absens,
419 750 540 822 exemplo
549 751 580 806 L.
591 750 722 805 Arruntii.
743 749 815 803 lium
825 749 948 804 Tiberius
957 747 1057 804 Caesar
1066 750 1102 804 ob

301 834 413 891 metum,
428 824 551 882 Vitellius
565 824 692 881 Cluvium
706 822 780 878 nulla
797 821 939 878 tormidine
956 823 1099 878 retinebat.

301 900 361 956 Non
374 901 445 955 idem
466 898 594 955 Trebellio
604 899 722 954 Maximo
735 898 828 952 honos.
868 896 1023 971 Proiugarat
1040 898 1101 952 Bri-

302 975 392 1030 tannia
409 975 444 1029 ob
462 973 627 1029 iracundiam
640 973 772 1028 militum:
794 972 896 1029 missus
909 980 950 1028 est
963 973 992 1026 in
1008 971 1099 1028 locum

301 1049 360 1105 eius
369 1048 471 1105 Vettius
480 1048 594 1103 Bolanus
605 1065 619 1103 e
631 1046 825 1118 praesentibus.

356 1127 398 1178 66.
419 1121 539 1194 Angebat
555 1122 693 1179 Vitellium
712 1123 843 1178 victarum
856 1119 995 1194 legionum
1010 1120 1099 1180 haud·

301 1213 437 1270 quaquam
453 1195 550 1252 fractus
564 1198 682 1252 animus.
719 1195 832 1267 Sparsae
845 1212 893 1266 per
906 1194 1010 1250 ltaliam
1021 1203 1048 1251 et
1057 1197 1098 1251 vi-

301 1271 418 1328 atoribus
436 1273 592 1342 permixtae,
613 1270 720 1326 hostilia
739 1270 928 1342 loquebantur:
952 1271 1097 1342 praecipua

301 1345 594 1418 quartadecimanorum
613 1345 718 1410 ferocia,
733 1347 782 1417 qui
794 1361 823 1400 se
831 1346 915 1400 victos
927 1344 1095 1401 abnuebant:

302 1421 566 1490 quippeBedrr'oeenat'
583 1425 648 1483 atie,
659 1423 808 1477 vexillariis
817 1427 917 1474 tantum
922 1422 1017 1487 puleio,
1028 1426 1097 1475 eirea

302 1499 408 1564 teotonis
417 1499 598 1564 ooaodsus'sae.
631 1494 1013 1559 Remittieosinliritanniam,
1025 1494 1096 1550 unde

301 1587 316 1624 a
331 1569 434 1624 Nerone
449 1569 527 1624 exciti
541 1576 624 1633 erant,
638 1567 754 1640 plaouit3
774 1575 855 1640 atque
871 1569 977 1623 interim
986 1569 1097 1625 Batavo-

302 1661 362 1699 rum
373 1643 491 1698 eohortes
500 1659 554 1698 una
564 1643 678 1709 tendere,
683 1642 719 1698 ob
726 1650 842 1699 ueterem
851 1643 979 1698 adversus
988 1652 1096 1714 quarta-

300 1717 452 1774 decimanos
464 1717 634 1774 dispendium.
673 1719 728 1773 Neo
737 1717 795 1783 diu,
806 1718 835 1773 in
845 1721 923 1774 tantis
933 1725 1096 1774 armatorum

300 1792 379 1860 odiis,
391 1795 471 1866 quies
479 1793 538 1850 luit.
554 1792 691 1868 Augustae
700 1793 887 1857 Taurinorum,
897 1793 962 1848 dum
972 1793 1096 1864 opilioem

302 1869 436 1940 quendam
449 1869 563 1926 Batavus
579 1876 609 1924 ut
622 1867 798 1922 fraudatorem
811 1869 964 1931 insectatur,
977 1867 1095 1941 legiona-

301 1943 359 1998 rius
372 1951 402 1998 ut
415 1944 546 2015 hospitem
562 1951 660 2005 tuetur,
679 1942 722 1996 sui
736 1942 834 2012 cuique
842 1942 1035 1997 commilitones
1048 1943 1096 1998 ad-

300 2019 412 2090 gregati,
426 2017 577 2073 aconviciis
588 2015 621 2071 ed
630 2016 737 2070 eaedem
746 2015 882 2072 transiere.
920 2017 954 2071 Et
961 2018 1092 2088 proelium

302 2097 376 2146 atrox
389 2091 539 2156 exarsisset,
555 2090 584 2146 ni
597 2089 666 2144 duae
679 2090 824 2162 praetoriae
832 2090 960 2156 eohortes,
972 2108 1094 2148 eaussam

302 2164 594 2236 quartadecimanorum
611 2172 727 2230 secutae,
746 2164 790 2219 his
808 2164 934 2220 fiduciam
953 2173 1093 2222 elmerum

300 2237 546 2294 Batavisleoissent.
585 2235 658 2305 Quos
667 2238 790 2296 Vitellius
800 2240 901 2313 agmini
910 2241 1056 2315 suoiungi,
1065 2250 1095 2298 ut

302 2312 381 2381 lidos;
403 2312 542 2386 legionem,
563 2313 652 2370 Graiis
670 2312 784 2385 Alpibus
802 2314 962 2380 traductam,
979 2333 1010 2371 eo
1024 2315 1094 2371 flexu

300 2387 405 2454 itineris
423 2389 461 2442 ire
479 2388 562 2454 iubet,
582 2405 636 2460 quo
650 2389 780 2446 Viennam
795 2390 920 2445 vitarent:
941 2407 1060 2462 namque
1070 2399 1096 2446 et

301 2462 465 2518 Viennenses
483 2463 653 2520 timebantur.
692 2460 787 2529 Nocte,
809 2480 863 2535 qua
881 2464 1094 2536 proficisoebatur

302 2535 380 2612 legio,
401 2536 499 2592 relictis
512 2540 613 2609 passim
627 2539 747 2611 ignibus,
768 2555 830 2609 pars
840 2539 969 2593 Taurinae
978 2539 1095 2595 eoloniae

302 2611 437 2676 ambusta:
459 2611 531 2684 quod
545 2613 684 2678 domnum,
700 2620 730 2667 ut
738 2611 865 2684 pleraque
874 2613 937 2668 belli
947 2613 1027 2679 malm
1037 2632 1095 2669 ma-

301 2685 403 2740 loribus
413 2684 525 2742 aliarum
535 2687 645 2742 urbium
654 2687 774 2742 cladibus
783 2686 970 2743 oblitteratum.
1008 2688 1094 2754 Quar-

301 2758 459 2834 tadeoimeni
468 2768 609 2834 postquam
619 2760 733 2832 Alpibus
742 2760 861 2835 degressi
870 2762 1095 2828 sunt,seditiosis·

302 2834 388 2894 simus
407 2835 524 2906 quisque
543 2835 619 2908 signa
637 2836 768 2892 Viennam
791 2836 918 2893 ferebant.
954 2836 1093 2894 Consensu

302 2907 442 2982 meliorum
456 2911 601 2984 compressi
615 2917 640 2966 et
649 2909 718 2985 legio
727 2911 926 2969 inllritanniam
937 2919 1082 2968 bansveota
