2559 3692
319 441 368 511 uu
388 464 602 512 connium.
623 432 765 512 cursen.
786 466 829 513 eo.
925 462 975 517 269

178 570 247 641 Ergo
256 567 310 620 iam
320 564 413 619 dextro
421 562 528 619 Suerici
537 566 620 619 maris
630 564 706 620 litore
715 564 874 639 Aestyorum
883 576 975 639 gentos
1006 564 1009 570 ’

134 673 137 681 ·
176 644 337 697 adluuntur:
351 639 454 711 quibus
463 640 530 693 ritus
541 639 871 711 habitusqueSuevorum3
883 642 973 713 lingua

178 714 469 785 Britannicaopropior.
497 714 607 768 Matrem
617 714 698 770 deum
708 723 876 771 venerantur.
907 716 977 770 Insi-

176 808 230 867 gne
239 789 436 861 superstitionis
446 786 543 843 formas
552 806 677 860 aprorum
688 797 800 862 gestant.
837 788 976 861 Idproar·

178 868 232 921 mis
241 866 370 935 omnique
379 862 473 917 tutela:
494 880 619 917 securum
632 863 696 917 deae
706 862 834 919 cultorem
844 865 922 918 etiam
934 866 976 919 in·

177 951 216 997 ter
236 941 325 996 hostes
343 945 466 1009 praestat.
505 938 592 992 Rarus
616 936 692 1003 ferri,
714 937 840 1011 frequens
862 936 976 993 fustium

179 1031 256 1073 usus.
294 1014 440 1068 Frumento
448 1020 602 1083 ceterosque
610 1011 712 1067 fructus
723 1014 876 1085 patientius,
893 1030 974 1084 quarn

178 1108 228 1163 pro
236 1088 312 1145 solita
322 1088 516 1143 Germanorum
526 1086 769 1152 inertia,iaborant.
809 1086 860 1143 Sed
869 1096 894 1141 et
904 1104 976 1142 mare

177 1171 339 1228 scrutantur,
346 1172 377 1217 ac
386 1161 435 1217 soli
444 1162 567 1215 omnium
576 1163 727 1227 succinum,
734 1162 807 1235 quod
817 1163 869 1234 ipsi
879 1166 976 1232 plerum

125 1253 126 1260 ’
178 1246 283 1304 vocant,
306 1238 375 1292 inter
386 1236 454 1291 vada
469 1237 587 1308 atquein
603 1237 661 1307 ipso
675 1236 750 1292 litore
769 1238 870 1311 legunt.
909 1237 973 1303 Nec,

177 1330 251 1387 quae
264 1319 368 1377 natura,
381 1327 485 1384 quaeve
498 1312 565 1366 ratio
573 1312 676 1383 gignat,
687 1319 717 1366 ut
727 1311 856 1377 barbaris,
868 1312 976 1384 quaesi·

125 1455 126 1458 ¹
177 1399 240 1445 tum
250 1394 456 1459 compertumve.
482 1385 533 1440 Diu
542 1387 611 1457 quin
620 1386 699 1441 etiam
710 1386 778 1441 inter
788 1396 871 1441 cetera
881 1388 976 1442 eiecta·
1027 1400 1029 1405 ’

125 1479 126 1488 ’
178 1471 271 1519 menta
280 1461 362 1517 maris
370 1460 478 1525 iacebat,
486 1461 569 1515 donec
578 1452 685 1514 luxuria
695 1461 974 1517 nostradeditnomen.

179 1538 251 1611 Ipsis
268 1537 298 1591 iu
316 1535 390 1592 nullo
407 1552 474 1590 usu:
499 1535 566 1590 rude
581 1532 819 1608 legitur,iuforme
834 1534 974 1607 perfertur,
1032 1590 1033 1595 ,

125 1607 126 1638 r
178 1614 352 1686 pretiumque
360 1614 486 1667 mirantem
495 1610 637 1689 accipiunt.
676 1605 977 1666 Succum'tamenarbu-

178 1706 242 1744 rum
252 1704 311 1743 esse
320 1686 462 1759 intelligas,
478 1687 542 1757 quia
556 1693 658 1739 terrena
667 1684 798 1759 quaedam
808 1694 887 1757 atque
897 1688 976 1740 etiam

125 1765 126 1788 ³
179 1763 300 1818 volucria
309 1760 434 1817 animalia
443 1760 603 1833 plerumque
613 1760 855 1831 interlucent,quae
865 1759 977 1831 inplica-

124 1835 126 1862 ³
179 1838 422 1913 tabumore,mox,
438 1835 594 1891 durescente
603 1834 887 1901 materia,'ciuduntur.
927 1835 977 1889 ue·
1023 1860 1025 1865 ·

124 1917 126 1940 ³
179 1912 308 1968 condicta
322 1912 404 1985 igitur
416 1928 524 1966 nemora
535 1908 672 1982 lucosque,
688 1906 758 1965 sicut
767 1908 882 1965 Orientis
892 1924 978 1963 secre-

125 1985 126 2016 ³
177 1990 225 2053 tis,
241 1988 290 2043 ubi
304 1986 383 2042 timra
396 1985 568 2058 balsamaque
578 1986 718 2051 sudantur,
729 1986 765 2040 ita
775 1982 924 2039 Occidentis
934 1984 978 2037 in-

124 2059 127 2078 ‘
178 2062 251 2118 sniis
269 2063 401 2134 terrisque
419 2062 518 2125 inesse,
537 2060 708 2129 crodiderim3
730 2076 800 2133 quae
814 2059 897 2114 vicini
912 2056 977 2125 solis

125 2155 126 2166 ¹
178 2137 270 2193 radiie
280 2153 404 2209 expressa
418 2143 499 2209 atque
512 2134 640 2207 liquontia
654 2136 682 2189 iu
692 2137 846 2206 proximum
856 2150 929 2199 mare
939 2132 977 2187 la·

125 2211 126 2240 r
178 2213 293 2277 buntur,
303 2228 335 2267 uo
343 2212 372 2268 vi
384 2213 570 2283 tempestatum
580 2210 609 2265 in
623 2209 733 2265 adversa
746 2209 821 2265 litora
831 2208 974 2264 exundant.

125 2311 126 2316 ¹
179 2286 209 2343 Si
219 2294 343 2343 naturam
357 2287 460 2342 succini
470 2285 574 2341 admoto
582 2285 749 2358 ignetentes,
764 2286 793 2339 in
804 2284 912 2339 modum
922 2292 978 2339 tae·

125 2361 126 2390 ³
179 2363 231 2418 dae
238 2361 400 2428 accenditur,
416 2360 516 2433 alitque
527 2359 662 2414 flammam
672 2360 801 2433 pinguem
814 2367 839 2414 et
848 2358 975 2415 olentem:

179 2455 246 2493 mox
255 2444 287 2492 ut
296 2438 324 2491 in
336 2437 422 2508 picem
432 2436 582 2491 resinamve
591 2434 719 2490 lentescit.
755 2433 899 2490 Suionibus
909 2432 978 2489 Sito-

179 2530 249 2569 num
263 2519 356 2585 gentes
369 2511 565 2566 continuantur.
605 2509 695 2565 Cetera
705 2508 817 2573 similes,
838 2508 978 2563 unodiffe-

179 2595 253 2652 runt,
270 2586 344 2657 quod
357 2585 455 2641 femina
469 2585 633 2649 dominatur:
656 2586 683 2639 in
698 2593 800 2638 tautum
812 2602 866 2639 uon
876 2583 978 2638 modoa

179 2661 310 2725 libertate,
322 2660 370 2715 sed
381 2661 460 2715 etiam
470 2678 485 2713 a
495 2660 622 2715 servitute
632 2658 800 2733 degenerant.

236 2738 280 2792 to.
301 2734 552 2799 HicSueviaefinis.
571 2734 748 2789 Peucinorum
757 2731 979 2803 Venedorumque

178 2819 205 2865 et
225 2810 379 2865 Fennorum
398 2810 517 2864 nationes
535 2808 677 2865 Germanis
690 2824 724 2863 au
739 2806 865 2862 Sarmatis
880 2806 980 2860 adscri-

178 2887 254 2951 bam,
276 2874 383 2940 dubito:
404 2900 569 2957 quamquam
582 2883 705 2947 Peucini,
722 2900 790 2955 quos
804 2879 915 2953 quidam
930 2879 980 2932 Ba·

179 2969 285 3016 staruas
295 2967 400 3026 vocant,
421 2974 552 3025 sermone,
569 2956 653 3024 cultu,
674 2956 736 3013 sede
746 2974 776 3011 ac
787 2952 939 3019 domiciliis,
951 2960 981 3007 ut
