2559 3692
428 470 637 518 mametis,
659 473 738 520 CAP.
758 472 783 519 9.
805 474 829 520 9.
978 468 1028 522 999

226 574 334 629 nimum
344 572 414 626 mter
423 577 460 627 tot
470 588 501 627 an
510 578 581 628 tanta
590 571 679 628 locum
689 572 825 628 obtaneut
818 574 1029 657 imaginesaotr-

225 647 277 703 tuli
296 654 322 701 et
340 654 452 712 statuae,
454 664 542 719 quae
560 664 649 721 noque
661 663 721 719 ipsa
737 655 826 702 tamam
844 630 1027 722 negliguntur,
1066 647 1070 654 ’

225 730 281 778 tom
291 720 414 787 floronis,
426 738 509 793 quum
519 721 744 793 divitiaeetopas,
757 721 1030 793 quasfaoiliusinre·

225 799 286 853 nies
304 797 354 869 qui
368 798 508 868 vituperet,
529 814 611 869 quum
628 798 677 871 qui
691 797 816 853 fastidiat.
855 798 920 853 Has
912 799 995 871 igitur
1004 805 1030 855 et

226 870 375 928 honoribus
389 879 416 925 et
427 872 590 926 ornamentis
604 878 630 927 et
640 871 809 927 facultatibus
818 872 928 927 refertos
936 873 1030 929 domos

227 964 321 1003 norum
331 945 474 1011 videmus,
482 947 531 1018 qui
542 963 571 1001 se
581 947 732 1002 abineunta
742 946 1030 1004 adolesoeatiaonussis

227 1021 380 1078 forensibus
391 1027 417 1076 st
425 1021 537 1077 oratorio
546 1022 635 1077 studio
645 1019 784 1078 dederunt
834 1046 845 1067 ·

282 1100 308 1153 9.
330 1097 399 1150 Nam
418 1096 537 1151 carmina
552 1104 580 1151 ot
597 1114 707 1162 versus,
726 1097 829 1169 quibus
846 1103 927 1152 totam
946 1098 1029 1153 vitam

127 1210 128 1215 κ
227 1170 385 1229 Maternus
376 1186 514 1233 msumera
528 1179 602 1243 optat
614 1167 687 1245 (inde
699 1173 772 1227 enim
786 1170 1031 1227 omnisuuritwora
1069 1191 1075 1203 ¹

127 1276 128 1279 ι
210 1244 275 1320 ιιίο)
288 1248 376 1318 neque
386 1245 541 1320 dignitatem
551 1244 635 1301 nilum
649 1247 801 1302 auctoribus
810 1247 869 1302 suis
878 1246 1029 1313 oonoiliant‚

229 1338 319 1394 neque
328 1319 454 1377 utilitates
462 1320 551 1376 alunt
575 1319 737 1393 voluptatem
747 1329 835 1377 autem
844 1322 964 1387 brevem,
972 1321 1032 1377 lau-

229 1396 310 1459 dem
302 1412 408 1451 inanem
418 1402 444 1451 et
446 1392 653 1452 miruotnoaam
656 1404 867 1469 oonsoquuntur.
883 1398 957 1453 Lroet
965 1397 1031 1452 haeo

229 1473 299 1544 ipsa,
315 1478 423 1543 atquae
438 1470 533 1525 deinde
547 1471 668 1527 dicturus
682 1488 754 1537 sum,
766 1488 844 1526 aures
854 1478 924 1539 tuae
935 1472 1032 1527 Mater·

125 1606 126 1609 Ἴ
229 1546 627 1617 no,respunnt.ou1bonoeat
643 1564 668 1601 si
660 1545 976 1621 apudtoigamemnon
985 1555 1032 1602 aut

200 1636 209 1654 ·
228 1623 306 1677 lason
325 1622 424 1676 diserto
441 1618 579 1693 loquitur?
626 1613 1032 1677 ursideodomumdsfansuset

222 1697 279 1751 'tibi
288 1696 431 1769 obligatus
428 1695 517 1751 redit?
535 1638 734 1763 Quisffialeium
746 1704 878 1760 nostrum,
892 1699 1031 1770 egregium

229 1770 495 1844 poatam‚va1,s1hoo
503 1770 722 1827 honorrfioentrus
731 1770 1031 1860 est‚praooiarissimum

230 1854 317 1903 vatem
332 1845 440 1907 deducit
453 1854 499 1901 aut
508 1846 605 1903 salutat
613 1854 659 1901 aut
668 1840 857 1935 prosequitur?
883 1846 996 1917 Nempe,
1007 1846 1033 1901 si

230 1939 334 1977 amicus
344 1938 414 1987 erus
425 1940 450 1976 ar
459 1938 637 1995 propinquus
649 1922 806 1995 sudemque
815 1920 1032 1994 rpsnmahquod

229 1997 368 2071 negotium
381 1996 514 2063 inciderit,
535 1997 569 2057 nd
583 1997 657 2053 huno
668 1995 821 2053 Secundum
831 2003 958 2061 recurret.
978 2013 1032 2052 non

230 2072 310 2139 odie,
328 2072 455 2143 Materno,
476 2073 541 2145 quia
553 2080 629 2145 poeta
638 2089 678 2139 as,
698 2089 787 2145 neque
798 2080 829 2127 ut
837 2088 1032 2143 proooversus

230 2146 323 2202 iacias.
350 2147 473 2203 Hiotiam
483 2148 564 2203 Basso
573 2147 647 2203 domi
657 2154 813 2214 nascuntur,
824 2146 911 2219 pulcri
920 2146 1031 2221 quidem

229 2232 257 2278 et
266 2222 391 2279 iucundi:
413 2238 530 2295 quorum
540 2230 628 2279 tamen
638 2222 685 2277 hio
693 2223 782 2278 exitus
791 2230 840 2289 est,
855 2230 894 2289 ut.
906 2238 969 2291 oum
978 2230 1032 2279 toto

228 2314 310 2364 anno,
321 2314 369 2370 per
378 2304 471 2353 omnes
482 2297 550 2363 dies,
561 2306 659 2371 ma'goa
671 2298 789 2362 noctium
802 2299 885 2369 parto,
901 2315 988 2354 ιιιιιιιιι
999 2297 1034 2352 ti·
1065 2329 1069 2340 ι

228 2372 311 2429 brum
322 2372 425 2429 oxmdit
434 2382 460 2429 at
469 2372 646 2438 elucubravit
661 2390 754 2447 rogaro
763 2372 1032 2431 ultroatambiraco·

227 2456 318 2523 gatar,
335 2455 366 2503 ut
378 2448 442 2515 sint,
459 2464 507 2521 qur
499 2448 666 2522 dignentur
678 2448 784 2516 audir03
805 2456 831 2504 et
840 2465 875 2503 na
882 2449 911 2503 id
920 2447 1031 2522 quidem

229 2525 329 2613 gratis:
358 2540 421 2595 nam
435 2531 461 2578 et
474 2523 585 2595 domum
600 2531 748 2588 mutuatur
769 2531 795 2579 ot
808 2524 970 2579 auditorium
984 2539 1033 2578 ex-

229 2600 320 2665 struit,
332 2585 637 2665 osubseltiaoonducit,
650 2598 788 2656 etiibellos
796 2598 939 2673 dispergit.
960 2606 995 2663 et,
1002 2605 1033 2653 ut

229 2674 403 2733 beatissimus
426 2675 604 2731 recitationem
627 2675 687 2729 eius
710 2683 822 2730 eventus
841 2680 1030 2746 prosequatur,

229 2750 321 2805 otnnia
334 2748 380 2803 illa
393 2747 452 2805 laus
457 2750 534 2817 intra
548 2766 635 2805 unum
646 2756 692 2805 aut
700 2749 814 2805 alterum
825 2748 908 2815 diam,
920 2747 1010 2805 volut
1004 2764 1032 2802 ιιι

229 2822 315 2879 herba
329 2822 371 2879 vel
384 2821 447 2879 flore
456 2830 603 2896 praaoeptn
620 2822 655 2879 ad
663 2824 768 2881 nnllam
775 2830 875 2880 centnm
885 2833 911 2879 at
919 2821 1032 2881 solidam

228 2899 354 2972 pervenit
371 2897 491 2973 frugem:
521 2916 571 2955 neo
584 2901 792 2962 autamioitiam
801 2898 866 2954 inde
878 2896 966 2963 refert,
986 2906 1033 2953 aut

207 2982 214 3001 ⁸
230 2972 393 3041 clientelam,
409 2982 454 3031 aut
467 2990 628 3073 mansurum
640 2974 670 3031 in
680 2975 771 3031 animo
778 2972 942 3045 cuiusquam
951 2972 1033 3029 bane·
