2559 3692
166 453 193 488 ι,
208 433 296 506 cao.)
392 443 471 488 nnn.
491 443 511 488 r.
531 441 621 490 cnr.
643 441 766 491 ιιι-ει.
940 443 974 496 te

166 559 233 598 rum
247 541 282 596 ad
297 540 445 613 perniciem
454 540 565 598 Othonis
578 551 758 600 armarentur:
779 561 841 615 pars
852 546 938 618 ignari
947 557 974 604 et

166 619 234 674 vino
243 633 356 690 graves:
376 617 511 688 pessimus
521 618 638 690 quisque
647 618 676 672 in
687 619 853 674 occasionem
862 621 975 690 praeda-

166 709 248 747 rum:
271 690 420 764 vulgus,ut
429 709 486 746 mos
498 700 546 756 est,
558 694 745 766 cuiuscunque
754 701 844 749 motus
853 695 917 750 novi
927 713 973 750 cu-

164 767 278 839 pidum.
318 765 353 820 Et
366 765 494 838 obsequia
507 767 649 822 meliorum
664 785 717 823 uox
729 767 883 823 abstulerat.
922 769 975 824 Re-

165 843 311 896 sistentem
322 839 443 898 seditioni
456 841 594 898 tribunum
609 849 635 896 st
646 843 831 898 severissimos
840 846 976 899 centurio-

167 933 237 970 num
247 915 417 972 obtruncant.
457 916 538 987 llapta
549 933 632 981 arma,
647 916 739 974 nudati
747 917 841 991 gladii,
852 919 975 974 insiden-

168 999 210 1046 tes
219 991 300 1062 aquis
310 989 405 1044 urbem
416 1006 447 1044 sc
456 990 584 1062 palatium
593 997 696 1062 petunt.

223 1069 269 1120 et.
291 1065 354 1118 Erat
363 1063 461 1118 Othoni
470 1064 573 1119 celebre
582 1067 747 1130 convivium,
759 1067 923 1138 primoribus
933 1067 974 1122 fe-

168 1141 253 1196 minis
266 1140 402 1211 virisque:
417 1140 466 1210 qui
475 1139 581 1210 trepidi,
592 1139 750 1195 fortuitusne
759 1141 876 1196 militum
886 1141 971 1208 surm,

166 1232 200 1269 un
211 1213 295 1270 dolus
309 1214 484 1285 imperatoris,
498 1231 605 1268 manere
614 1223 641 1269 et
651 1215 823 1286 deprehendi,
834 1233 869 1271 an
879 1216 972 1291 lugere

167 1299 192 1344 et
212 1289 346 1361 dispergi,
366 1287 542 1359 periculosius
557 1288 635 1348 foret:
656 1290 735 1345 modo
747 1293 920 1348 constantiam
932 1294 972 1347 si·

166 1364 285 1428 mulare,
302 1362 380 1418 modo
389 1361 531 1418 formidine
540 1363 635 1436 detegi,
650 1363 732 1419 simul
743 1362 855 1420 Othonis
865 1366 970 1424 vultum

165 1440 281 1494 intueri.
310 1437 398 1509 thue
407 1438 504 1502 evenit,
516 1438 651 1494 inclinatis
660 1439 694 1494 ud
706 1439 886 1510 suspicionem
895 1459 972 1496 men-

166 1515 253 1578 tibus,
271 1528 334 1567 cum
349 1513 453 1566 timeret
466 1510 543 1578 Otho,
558 1513 723 1569 timebatur..
749 1511 801 1569 Sed
810 1515 883 1570 haud
892 1533 971 1572 secus

165 1588 329 1644 discrimine
347 1595 464 1653 senatus,
486 1605 568 1660 quam
581 1605 643 1654 suc,
657 1589 775 1654 territas,
792 1590 972 1661 etpraelectos

166 1663 295 1734 praetorii
305 1660 338 1716 ad
354 1662 513 1734 mitigandus
524 1662 642 1718 militum
654 1663 708 1717 iras
718 1665 806 1718 statim
817 1667 934 1731 miserat,
946 1673 972 1720 et

165 1738 243 1793 abire
252 1753 367 1809 propere
375 1753 469 1792 omnes
479 1753 493 1790 e
502 1738 624 1792 convivio
633 1738 722 1792 iussit.
759 1738 828 1797 Tum
839 1756 900 1795 vero
909 1757 972 1811 pas-

166 1815 220 1868 sim
235 1813 420 1885 magistratus,
436 1811 560 1883 prciectis
574 1811 743 1887 insignibus,
749 1813 829 1867 vitate
843 1815 970 1869 comitum

167 1899 191 1944 et
206 1903 351 1944 servorum
370 1884 528 1958 frequentia,
550 1903 627 1942 senes
642 1885 820 1958 feminaeque,
840 1903 888 1958 per
901 1895 973 1943 tene·

167 1963 240 2028 bras,
252 1961 361 2018 diversa
371 1961 447 2018 urbis
457 1962 561 2027 itinera,
576 1962 629 2016 rari
639 1961 742 2026 domos,
752 1960 865 2032 plurimi
873 1964 973 2017 amico·

168 2055 230 2094 rum
240 2044 320 2101 tecta,
327 2044 362 2102 et,
373 2045 404 2092 ut
414 2038 513 2110 cuique
523 2037 695 2092 humillimus
703 2036 798 2102 cliens,
809 2037 924 2092 incertas
933 2036 973 2092 la·

169 2115 258 2168 tebras
268 2111 395 2184 petivere.
868 2145 872 2154 .

224 2190 270 2244 82.
291 2186 408 2242 Militum
423 2187 529 2258 inpetus
544 2204 578 2242 ne
592 2186 695 2243 loribus
705 2187 816 2259 quidem
825 2186 917 2259 palatii
927 2205 970 2242 co-

169 2263 281 2326 ercitas,
301 2277 357 2334 quc
377 2261 467 2316 minus
481 2262 633 2318 convivium
655 2263 848 2333 inrumperent,
867 2263 970 2317 ostendi

171 2339 222 2393 sibi
237 2335 371 2392 Othonem
387 2336 597 2408 expostulantes:
617 2337 756 2392 vulnerato
765 2336 833 2392 lulio
840 2336 969 2402 Martiale,

171 2414 289 2476 tribuno,
306 2418 332 2466 et
339 2410 445 2467 Vitellio
456 2411 608 2476 Saturnino,
623 2411 755 2483 praelecto
768 2411 890 2485 legionis,
898 2412 970 2467 'dum

172 2487 313 2542 ruentibus
326 2485 468 2542 obsistunt.
508 2487 632 2558 Undique
646 2503 719 2542 arma
733 2495 760 2541 et
772 2487 870 2551 minae,
892 2486 971 2542 modo

172 2562 197 2616 in
212 2561 383 2616 centuriones
399 2561 581 2633 tribunosque,
597 2561 676 2616 ιιιοιίο
691 2563 720 2616 in
729 2569 852 2616 senatum
861 2563 971 2616 anniver-

172 2653 247 2692 sum:
270 2634 416 2709 lymphatis
430 2653 506 2692 caeco
518 2653 616 2708 pavore
633 2637 743 2700 animis,
758 2646 794 2702 et,
809 2637 874 2710 quia
883 2638 969 2692 nemi·

173 2727 233 2765 nem
248 2727 336 2766 unum
347 2709 478 2766 destinare
490 2713 545 2765 irae
553 2719 683 2783 poterant,
695 2710 828 2766 licentiam
838 2712 867 2766 in
876 2729 971 2766 omnes

172 2785 357 2856 poscentibus:
378 2785 461 2841 donec
475 2784 558 2851 Otho,
569 2793 659 2841 oonbu
672 2785 754 2840 decus
765 2787 881 2857 imperii,
896 2785 971 2840 thoro

174 2861 310 2925 insistens,
325 2859 449 2931 precibus
463 2868 490 2915 et
501 2859 627 2935 lacrymis
641 2877 719 2933 aegre
732 2861 864 2915 cohibuit:
885 2859 972 2915 redie-

175 2943 290 3008 runtque
307 2935 336 2990 in
355 2943 439 2990 castra
453 2936 542 3002 inriti,
562 2952 651 3008 neque
663 2937 826 2990 innocentes.
867 2935 970 2986 Postera

209 3010 315 3066 Tscrrus
335 3009 367 3064 11.
607 3029 611 3035 ·
743 3009 766 3060 D
