2559 3692
294 466 346 520 262
463 470 493 517 0.
513 468 737 518 CORNELIUS
757 468 926 517 rectane

296 572 434 645 etprireta
443 572 577 644 cuiusque
585 568 1101 641 audentia‚apudCattcsinconsonsum

295 649 384 713 vertit,
394 655 424 703 ut
432 648 552 719 primum
562 643 734 708 adoleverint,
745 644 847 699 crinem
857 642 1025 715 barbamque
1035 644 1103 699 sub-

296 723 410 787 mittere.
424 739 483 787 nec,
496 722 550 777 nisi
564 712 640 777 bosia
653 735 738 785 caeso.
754 735 852 774 exuere
865 714 987 774 votiium
998 716 1102 792 obliga-

296 804 409 869 tumque
431 798 523 853 virtuti
540 796 595 852 oris
614 794 747 852 hobitum.
787 792 874 865 Super
892 794 1059 867 sanguinem
1078 802 1102 849 et

296 869 382 943 spolia
394 870 512 927 revelant
525 870 647 937 frontem,
663 888 747 944 seque
760 877 818 929 tum
833 870 944 925 demum
956 869 1045 940 pretio
1055 886 1101 923 na·

296 945 389 1002 scendi
399 945 687 1019 retrdissc.dignosque
695 946 781 1019 petria
790 962 821 1000 ac
829 944 989 1017 parentibus
1000 942 1098 999 ferunt.

296 1021 405 1096 Ignavis
414 1028 440 1076 et
449 1018 594 1075 inbellibus
604 1028 694 1077 manet
701 1019 819 1093 squalor.
841 1020 1100 1093 Fortissimusquis·

297 1114 351 1169 que
361 1097 476 1152 ferreum
485 1094 595 1165 insuper
605 1094 737 1151 annulum
747 1084 967 1171 (ignominiosum
977 1095 1009 1150 id
1018 1094 1099 1169 genti)

296 1171 372 1227 velut
381 1169 520 1225 vinculum
528 1177 623 1243 gestat,
644 1168 727 1225 donec
741 1186 770 1225 se
782 1168 955 1225 coedehostis
965 1169 1096 1225 absolvat.

297 1245 424 1302 Plurimis
434 1242 844 1316 Cattorumbicplacetbabitus.
882 1244 1099 1315 lemquecanent

298 1322 428 1394 insignes,
439 1328 464 1375 et
472 1320 597 1375 hostibus
605 1319 689 1377 simul
699 1320 812 1393 suisque
822 1319 969 1375 monstrati.
1005 1318 1099 1375 Omni-

297 1414 345 1452 um
359 1411 441 1467 penes
454 1395 504 1450 bos
516 1396 593 1451 initia
607 1412 770 1469 pugnarum.
809 1396 878 1451 llaec
894 1394 982 1466 prima
994 1412 1098 1466 semper

297 1472 376 1535 acies,
387 1470 449 1526 visu
459 1478 543 1527 torva.
579 1472 648 1527 Nam
659 1486 694 1525 ne
704 1470 734 1525 in
743 1486 806 1543 pace
817 1470 926 1542 quidem
937 1468 1018 1527 vultu
1028 1472 1098 1525 miti-

297 1562 342 1601 ore
355 1553 554 1601 mansuescunt.
593 1543 668 1601 Nulli
683 1543 790 1611 domus,
807 1553 853 1600 aut
866 1562 938 1619 ager,
950 1554 998 1600 aut
1010 1545 1096 1619 alique

298 1638 376 1677 cura:
396 1630 475 1693 prout
484 1621 519 1676 ad
527 1637 664 1696 quemque
674 1636 780 1685 venere,
790 1618 911 1677 aluntur:
932 1621 1042 1695 prodigi
1052 1620 1096 1675 ali-

297 1697 351 1762 eni,
367 1704 557 1768 contemptores
571 1697 630 1753 sui:
652 1696 736 1751 donec
750 1696 894 1770 exsanguis
908 1704 1035 1753 senectus
1045 1705 1095 1753 tam

296 1772 380 1831 durae
388 1774 481 1841 virtuti
490 1773 596 1844 inpares
607 1771 693 1827 iaciat.

352 1850 394 1905 ³2.
415 1849 533 1905 Proximi
543 1846 625 1903 Cattis
633 1854 735 1903 certum
745 1846 800 1902 iam
810 1844 884 1901 alveo
891 1844 1029 1912 Rhenum,
1036 1847 1095 1919 qui-

296 1941 351 1995 que
364 1924 495 1981 terminus
509 1940 568 1979 csse
582 1921 707 1989 sufficiet,
727 1920 814 1993 Usipii
824 1938 855 1977 ac
864 1920 986 1979 Tencteri
996 1920 1093 1977 colunt.

296 1997 631 2070 Tencteri,supcrsolitum
641 1996 1096 2075 bellorumdecus‚equeetrisdisci·

295 2074 386 2147 plinae
395 2072 634 2145 artepraecellunt3
649 2090 698 2130 nec
708 2073 791 2129 maior
801 2071 965 2143 apudCattos
974 2072 1095 2143 peditum

297 2148 366 2213 laus,
378 2165 460 2220 quam
471 2148 605 2204 Tencteris
614 2148 747 2219 equitum.
770 2146 813 2203 Sic
823 2147 962 2203 instituere
971 2147 1094 2212 maiores,

296 2224 395 2295 posteri
404 2224 552 2281 imitantur.
591 2224 624 2279 lli
635 2222 713 2279 lusus
722 2220 876 2288 infantium,
890 2222 956 2279 heec
966 2223 1095 2279 iuvenum

296 2297 447 2362 aemulatio,
459 2306 724 2370 perseverantseuee.
757 2298 828 2353 luter
838 2296 967 2353 familiam
978 2306 1006 2351 et
1015 2298 1096 2353 Pena·

295 2380 370 2429 tecet
379 2374 438 2428 iura
447 2374 649 2429 successionum
658 2374 722 2447 equi
731 2372 885 2429 traduntur:
903 2374 1004 2443 excipit
1014 2372 1093 2436 iilius,

296 2465 361 2577 noel,
373 2455 506 2514 utcctera‚
521 2448 659 2506 maximm
668 2455 743 2514 natu,
758 2448 806 2505 sed
820 2456 900 2521 prout
908 2446 983 2505 lerox
992 2447 1064 2505 bello
1073 2454 1095 2503 et

296 2541 340 2580 me
352 2540 401 2578 ror.

351 2600 394 2658 33.
424 2597 500 2653 Inxta
519 2598 660 2655 Tencteros
677 2598 797 2655 Bructeri
819 2596 884 2653 olim
907 2598 1092 2655 occurrebant=

297 2687 370 2729 nunc
384 2670 533 2740 Chamavos
552 2681 578 2727 et
590 2673 764 2747 Angrivarios
784 2672 943 2747 inmigrasse
962 2681 1092 2737 narratur,

296 2747 384 2820 pulsis
392 2747 525 2804 Bructeris
535 2764 565 2801 ac
572 2749 679 2819 penitus
690 2749 796 2813 excisis,
805 2748 954 2803 vicinarum
964 2765 1093 2804 consensu

296 2824 449 2879 nationum:
470 2822 519 2877 s'eu
531 2820 672 2893 superbiae
681 2822 750 2888 odio,
762 2840 811 2879 seu
822 2821 934 2895 praedae
942 2822 1091 2887 dulcedine.

297 2915 346 2953 seu
357 2896 445 2953 levore
454 2896 570 2969 quodam
579 2914 642 2984 erga
651 2914 699 2967 nos
709 2896 830 2953 deorum.
869 2898 938 2953 Nem
949 2914 984 2953 ne
992 2907 1093 2971 specta·

296 2971 359 3028 culo
370 2972 483 3044 quidem
495 2970 589 3043 proclii
602 2970 733 3029 invidere.
771 2969 858 3043 Super
868 2970 918 3027 LX
934 2972 1032 3043 millia'.
1042 2990 1092 3028 non
