2559 3692
328 492 711 542 ascensurumque.
732 494 854 543 as-sr.
939 478 985 546 tat

190 596 294 652 adierit.
333 595 457 667 Exempti
466 596 592 650 oneribus
601 603 628 650 et
636 594 840 661 conlationibus,
852 599 877 650 et
887 602 989 652 tantum

188 673 220 727 in
231 688 311 727 usum
321 669 483 741 prpeliorum
493 671 610 741 sepositi,
617 670 691 735 velut
701 670 751 724 tela
761 679 839 742 atque
844 688 926 735 arma,
934 670 991 725 bei-

189 746 226 801 iis
236 752 414 801 reservantur.
437 744 486 798 Est
494 745 523 799 in
534 745 625 800 eodem
633 744 764 817 obsequio
774 755 799 799 et
808 746 989 810 Mattiaeorurn

190 838 267 894 gens.
308 818 419 874 Protulit
431 820 502 873 enim
518 819 673 893 magnitudo
687 818 780 891 popuii
794 820 911 875 Romani·
920 820 990 875 ultra

191 897 316 951 Rhenum
330 894 453 965 ultraque
467 902 568 948 veteres
585 895 713 949 terminos
726 895 833 965 imperii
846 896 991 950 reverenti-

191 988 246 1027 am.
283 971 322 1025 Ita
332 968 395 1024 sede
404 969 558 1041 finibusque
570 969 597 1025 in
611 986 660 1023 sua
669 970 737 1041 ripa,
748 977 836 1023 mente
846 971 990 1041 animoque

191 1046 332 1101 nobiseum
342 1051 434 1118 agerat,
447 1052 530 1097 cetera
542 1044 644 1098 similes
654 1044 769 1110 batavis,
786 1044 839 1099 nisi
849 1045 922 1117 quod
931 1046 990 1115 ipso

191 1120 281 1178 adhue
289 1128 372 1175 terrae
382 1135 447 1173 suae
457 1118 513 1174 soie
521 1128 547 1173 et
555 1118 627 1174 ooeio
637 1119 725 1175 acrius
735 1120 896 1175 animantur.
930 1120 989 1175 Non

192 1196 389 1250 numeraverim
408 1194 478 1247 inter
495 1194 653 1249 Germaniae
671 1193 797 1266 populos,
823 1210 989 1267 quamquam

192 1279 266 1326 uana
275 1270 399 1323 Rhenum
409 1268 616 1341 Danubiumque
629 1269 803 1334 consederint,
816 1286 869 1334 eos,
881 1270 932 1341 qui
943 1269 989 1323 de-

193 1352 313 1400 cumatea
329 1360 405 1417 agros
418 1350 549 1399 exeroent.
589 1343 757 1399 Levissimus
771 1344 888 1473 quisque
899 1344 990 1399 Gallo-

191 1436 267 1484 rum,
278 1427 304 1473 et
311 1419 399 1489 inopia
409 1416 505 1483 audax,
520 1417 619 1474 dubiae
625 1419 803 1490 possessionis
813 1436 842 1474 so
853 1436 900 1474 um
910 1436 989 1475 oceu-

193 1511 300 1567 pavere.
320 1494 382 1549 Mox
391 1491 474 1547 limite
484 1500 549 1558 aeto,
559 1494 742 1567 promotisque
750 1494 900 1566 praesidiis,
911 1496 989 1549 sinus

191 1567 715 1641 imperiietparsprovineiaehabentur.

249 1648 290 1699 30.
312 1643 383 1699 Ultra
396 1643 446 1699 bos
455 1642 522 1699 Catti
532 1644 641 1698 initium
654 1644 725 1699 sedis
736 1644 770 1699 ab
778 1644 909 1719 Hercynio
919 1643 989 1699 saltu

193 1719 328 1784 inchoant,
341 1720 439 1773 nonita
447 1718 539 1774 eiiusis
549 1734 580 1773 ae
588 1717 754 1790 palustribus
766 1718 840 1784 loeis,
850 1728 881 1774 ut
890 1727 990 1773 ceterae

193 1795 323 1860 civitates,
334 1795 362 1849 in
372 1811 439 1867 quas
449 1794 590 1850 Germania
601 1795 724 1866 patescit:
745 1794 842 1850 durant
854 1794 989 1866 siquidem

193 1869 284 1935 ooiiea,
304 1867 496 1942 paullatimque
514 1876 666 1925 rarescunt:
696 1876 721 1923 et
731 1867 818 1924 Cattos
832 1885 895 1924 suos
906 1866 989 1923 saltus

193 1944 343 2019 Hercynius
355 1946 526 2017 pmsequitur
539 1943 622 1999 dmul
634 1952 714 2017 atque
723 1944 839 2016 deponit.
879 1944 990 1998 Duriora

192 2020 266 2095 genti
276 2036 394 2093 empore,
405 2020 489 2075 stricti
498 2028 580 2086 artus,
591 2020 684 2075 minax
694 2019 795 2085 vultus,
805 2026 830 2074 et
838 2019 923 2074 maior
932 2018 990 2072 ani-

194 2094 330 2168 mivigor.
362 2093 478 2149 Multum
487 2094 526 2168 (ut
535 2096 604 2150 inter
612 2094 768 2167 Germanos)
778 2094 887 2149 rationis
897 2108 928 2148 ae
937 2092 990 2148 soi-

193 2170 299 2225 iertiae:
318 2184 479 2242 praeponere
491 2169 595 2236 eiectos,
615 2169 709 2225 audire
719 2170 890 2241 praepositos,
911 2186 989 2224 nosse

191 2245 311 2311 ordines,
326 2244 472 2318 intelligere
483 2245 643 2311 oomsionea,
657 2244 762 2301 differre
771 2246 887 2315 inpetus,
899 2243 989 2316 dispo-

192 2324 262 2375 nere‘
269 2320 352 2386 diem,
363 2320 462 2376 vadare
475 2327 587 2385 noctem,
602 2319 735 2375 fortunam
749 2320 817 2373 inter
831 2318 921 2385 dubia,
933 2320 990 2373 vir·

192 2404 277 2451 tutem
287 2396 434 2450 interserta
444 2410 597 2451 numerare:
618 2394 744 2467 quodque
752 2395 929 2460 rarissimum,
940 2388 990 2449 neo

193 2470 246 2525 nisi
259 2471 395 2526 Romanae
407 2469 564 2541 disciplinae
575 2474 743 2535 ooneessdm,
754 2469 815 2540 plus
825 2486 951 2540 reponere
959 2470 988 2523 in

192 2545 271 2611 duee,
283 2562 366 2617 quam
375 2546 404 2600 in
414 2545 541 2599 exercitu.
565 2542 651 2599 Omne
660 2544 741 2600 robur
750 2545 778 2599 in
786 2543 884 2616 pedite,
895 2560 987 2617 quem,

192 2626 275 2691 s'uper
297 2636 386 2683 arma,
411 2617 576 2675 ferramentis
593 2633 703 2691 quoque
724 2626 750 2673 et
767 2619 850 2690 copiis
869 2628 987 2675 onerant.

192 2694 267 2750 aiios
281 2693 316 2749 ad
329 2694 461 2766 proelium
476 2695 514 2748 ire
523 2694 624 2759 videas,
636 2694 724 2749 Cattos
734 2694 767 2749 ad
776 2693 888 2749 bollum.
927 2694 989 2749 Rari

191 2786 324 2826 excursus
337 2776 365 2824 et
377 2768 482 2825 fortuita
494 2784 594 2842 pugna.
632 2769 805 2843 Equestrium
816 2784 879 2823 sane
889 2769 991 2825 virium

191 2845 221 2901 id
230 2844 440 2917 preprium,oito
448 2858 541 2915 parare
548 2844 695 2910 mammam,
707 2847 757 2900 oito
767 2844 867 2899 eadere.
888 2843 991 2897 Veloci-

191 2921 320 2975 tasiaxta
328 2917 761 2991 iormidinem,eunetatiopropior
769 2918 930 2974 onustantiae
940 2926 988 2970 est.

248 2997 292 3050 3t.
313 2992 349 3050 Et
361 2991 422 3049 aiiis
437 2994 630 3052 Germanorum
646 2995 753 3065 populis
763 3000 922 3063 usurpatum
933 3006 992 3045 rara
