2559 3692
305 473 337 526 38
545 477 868 524 ursrorunnuu
967 467 1103 540 (nunna

226 568 229 574 ยน
304 579 408 636 iussus.
447 577 551 636 Valenti
560 575 694 633 inferioris
704 579 835 640 exereitus
845 576 930 641 electi,
941 593 1004 634 cum
1013 576 1106 654 aquila

304 655 415 726 quintae
428 651 540 727 legionis
554 659 580 706 et
593 651 745 706 oohortibus
758 651 873 723 alisque,
896 651 930 706 ad
943 651 1001 707 XL.
1018 650 1106 706 millia

304 737 466 786 armatorum
488 727 561 782 data:
592 725 675 782 XXX
693 725 778 782 millia
797 725 909 782 Caecina
931 743 946 780 e
967 727 1107 798 superiore

305 804 447 861 Germania
462 800 582 865 ducebat,
598 817 716 872 quorum
730 801 811 856 mbur
826 800 894 874 legio
906 819 970 866 una,
981 802 1070 872 prima
1081 809 1107 856 et

306 879 441 941 vicesima,
457 874 517 932 iun.
557 873 653 932 Addita
667 877 775 948 utrique
785 875 978 932 Germanorum
992 875 1104 942 auxilia,

305 971 320 1010 e
334 953 434 1024 quibus
449 950 573 1006 Vitellius
586 969 650 1008 suas
665 968 773 1024 qnoque
785 951 875 1022 eopias
887 948 1038 1023 supplevit,
1052 959 1106 1006 tota

305 1026 607 1084 molebellisecuturus.
993 1066 997 1076 .

360 1104 401 1158 62.
422 1101 489 1156 blira
502 1103 570 1156 inter
580 1101 727 1156 exercitum
738 1101 978 1172 imperatoremque
990 1097 1107 1154 diversi-

305 1185 353 1230 tas.
394 1175 494 1230 Instare
508 1174 596 1241 miles,
613 1193 687 1230 erma
700 1192 818 1247 posuere,
834 1180 894 1230 dum
907 1174 1011 1232 Galliae
1023 1180 1108 1244 trept-

304 1253 444 1314 dent,dum
453 1251 770 1317 Hispeoioe'eunotmtur.
808 1251 867 1306 Non
876 1253 979 1306 obstare
988 1252 1105 1315 hiemen,

304 1343 385 1394 neque
399 1327 597 1393 ipnouoe'pocie
610 1342 705 1380 moros.
743 1327 920 1390 iuoodendom
932 1325 1047 1388 ltaliam,
1060 1341 1106 1379 oe-

305 1403 557 1466 eepaudamurdem.
597 1401 672 1456 Nihil
680 1405 710 1455 in
718 1404 857 1456 discordias
866 1403 985 1454 ciuilibus
994 1403 1106 1468 {astino-

305 1479 372 1528 n'one
386 1479 474 1536 tutius,
490 1477 535 1528 ubi
543 1480 617 1544 santo
630 1479 720 1544 mopsi,
734 1494 813 1544 quiam
823 1477 946 1536 consulto,
958 1492 1022 1544 opes
1031 1483 1105 1530 esset.

304 1547 434 1619 Torpebat
443 1547 578 1614 Vitellius,
595 1557 620 1604 et
629 1549 762 1606 iorturiam
772 1550 939 1621 principatus
947 1549 1026 1603 inerti
1035 1547 1105 1604 luxu

305 1641 335 1678 ao
344 1622 462 1696 prodigis
473 1622 560 1694 epulis
570 1624 766 1695 praesumebat,
780 1625 868 1682 medio
877 1624 931 1680 diei
941 1622 1106 1680 temulentus

304 1706 329 1752 et
343 1698 436 1770 sagina
450 1699 555 1772 gravis:
577 1716 640 1754 eum
654 1707 742 1757 tamen
757 1700 834 1756 ardor
844 1707 869 1756 et
880 1701 923 1758 vis
933 1697 1051 1754 militurn
1061 1697 1106 1754 ui-

304 1781 344 1828 tro
362 1772 439 1829 ducis
459 1774 552 1828 munia
571 1774 699 1846 inplebat,
720 1781 749 1828 ut
761 1775 785 1830 si
800 1775 902 1830 adesset
914 1776 1067 1846 imperator,
1079 1783 1107 1830 et

305 1849 421 1904 strenuis
430 1848 472 1905 vel
483 1849 675 1922 ignavisspem
685 1849 966 1920 metumqueadderet.
1000 1849 1106 1906 lustru-

304 1924 339 1979 oti
350 1924 500 1996 intentique
509 1925 618 1996 signum
627 1922 797 1994 profectionis
806 1933 961 1994 exposcunt.
999 1923 1105 1980 Nomen

304 1998 457 2054 Germanici
471 1991 576 2054 Vitellio
595 1999 684 2052 statim
704 1997 840 2052 additum:
868 1997 1007 2054 Caesarem
1017 2017 1047 2054 se
1056 1999 1106 2054 ad-

303 2072 396 2144 pellari
408 2074 486 2128 etiarn
497 2072 580 2128 victor
589 2071 736 2143 prohibuit.
775 2073 887 2128 laetum
898 2074 1042 2146 augurium
1052 2073 1106 2130 Fa-

304 2147 348 2202 bio
358 2146 460 2202 Valenti
475 2147 667 2218 exercituique,
679 2165 761 2218 quem
774 2148 803 2202 in
813 2148 915 2204 bellum
926 2147 1028 2221 agebat,
1044 2149 1106 2222 ipso

303 2221 473 2294 profectionis
487 2221 540 2286 die,
556 2221 647 2293 aquila
661 2221 714 2278 leni
728 2230 825 2290 meatu,
836 2232 917 2295 prout
925 2241 1022 2297 agmen
1030 2224 1107 2279 ince-

303 2296 385 2361 deret,
409 2295 480 2352 velut
499 2296 556 2351 dux
575 2299 644 2363 viae,
664 2297 841 2368 praevolavit:
871 2298 1038 2372 longumque
1056 2316 1106 2372 per

303 2372 421 2443 spatium
431 2373 456 2426 is
464 2371 638 2446 gaudentium
650 2373 768 2440 militum
776 2372 885 2442 clamor,
894 2392 924 2428 ea
934 2373 1012 2445 quies
1022 2374 1107 2434 inter-

302 2447 348 2501 riti
358 2446 428 2502 alitis
440 2446 499 2512 tuit,
512 2456 541 2501 ut
550 2446 623 2502 haud
632 2447 748 2506 dubium
758 2466 871 2523 magnae
880 2457 906 2504 et
913 2450 1106 2522 prosperaerei

302 2539 381 2576 omen
392 2521 562 2592 aociperetur.

358 2600 400 2652 63.
420 2597 454 2650 Et
464 2597 591 2653 Treveros
601 2596 722 2669 quidem,
743 2603 773 2652 ut
786 2598 882 2663 socios,
902 2597 990 2654 securi
1004 2597 1104 2655 adiere.

303 2666 1106 2751 Divoduri(liediometrioorumidoppidumest)quamquam

303 2746 377 2801 omni
391 2747 513 2804 sumitate
528 2755 650 2818 exceptos
664 2747 771 2802 subitus
780 2765 862 2819 pavor
873 2749 1009 2814 exterruit,
1020 2751 1107 2820 raptis

304 2821 444 2894 derepente
459 2822 541 2878 armis
554 2822 588 2878 ad
601 2821 708 2878 eaedem
723 2823 847 2880 innoxiae
857 2823 984 2881 civitatis:
1006 2842 1060 2880 uon
1070 2824 1106 2879 ob

303 2896 430 2970 praedam
445 2903 490 2952 aut
503 2895 635 2968 spoliandi
651 2898 787 2968 cupidine,
803 2898 850 2954 sed
864 2898 952 2954 furore
961 2905 986 2952 et
995 2895 1070 2952 rabie
1081 2906 1108 2952 et

301 2969 407 3029 nauseis
416 2973 533 3038 incertis,
546 2989 631 3046 eoque
641 2971 837 3032 difficilioribus
846 2972 986 3037 remedie
1007 2972 1104 3038 donee,
