2559 3692
187 462 215 498 r.
228 459 252 497 c.
266 439 312 513 re.)
383 434 533 496 urn1'11.
553 450 644 497 cir.
665 450 787 498 re-so.
940 450 991 502 433

186 548 297 624 ilagitio,
310 548 513 622 degeneravere.
544 550 602 606 Non
613 551 668 605 iam
677 553 788 623 sanguis
798 568 886 624 nsqm
894 552 990 610 vulne-

185 642 216 682 ra
230 624 416 689 morabantur,
432 625 500 695 quin
514 624 673 680 subruerent
686 624 788 681 vallum
798 634 989 701 quaterentque

184 700 290 771 portas3
312 698 403 753 innixi
421 698 541 754 humeris
559 707 586 755 et
603 711 685 771 super
698 702 817 755 iteratam
829 701 989 757 testudinem

186 773 356 839 scandentes,
372 781 527 845 prensarent
542 773 660 830 bostium
673 774 724 829 tela
733 775 905 848 brachiaque.
946 778 990 831 ln-

186 850 256 923 tegri
270 865 332 903 cum
347 848 457 914 saumis,
477 848 623 903 semineces
636 866 699 904 cum
719 850 917 922 exspirantibus
932 851 990 907 vol-

185 931 299 989 vuntur,
311 924 385 979 varia
393 924 564 999 pereuntium
574 921 659 979 forma
669 933 695 979 et
702 926 776 980 omni
787 926 905 999 imagine
917 942 991 981 mor-

185 998 268 1054 tium.

242 1074 287 1129 29.
308 1071 477 1127 Acerrimum
491 1073 582 1127 tertiae
594 1074 776 1146 septimaeque
785 1070 921 1148 legionum
932 1066 1000 1130 oer-'

185 1157 288 1202 nmen.
325 1146 361 1202 'Et
379 1146 436 1201 dux
454 1146 586 1202 Antonius
604 1164 667 1202 cum
686 1147 793 1216 delectis
809 1148 987 1205 auxiliaribus

185 1222 282 1278 eodem
296 1220 463 1277 incubuerat.
502 1220 655 1279 Obstinatos
667 1223 735 1278 inter
744 1240 773 1277 se
782 1240 844 1278 cum
854 1226 988 1280 sustinere

185 1296 325 1355 Vitelliani
339 1297 490 1369 nequirent,
507 1302 532 1351 et
546 1297 693 1368 superiacta
709 1296 759 1351 tela
773 1298 905 1354 testudine
914 1296 987 1354 labe-

185 1378 290 1437 rentur,
306 1371 393 1443 ipsam
407 1379 540 1443 postremo
554 1370 676 1425 balistam
691 1372 720 1426 in
732 1372 877 1428 subeuntm
886 1390 987 1447 propu-

185 1446 252 1503 lere.
291 1444 365 1513 Quae
374 1453 404 1501 ut
413 1445 580 1518 adpraesens
590 1444 986 1521 disiecit·obruitque,quosin·
1010 1506 1014 1512 ,

185 1520 296 1587 ciderat,
317 1522 353 1576 ita
371 1521 468 1593 pinnas
487 1538 517 1575 ac
535 1538 642 1576 summa
656 1519 720 1576 valli
740 1523 817 1575 ruina
832 1540 881 1577 sua
894 1525 983 1579 traxit.

185 1594 275 1651 Simul
285 1590 374 1653 iuncta
383 1596 465 1650 turris
475 1595 572 1651 ictibus
582 1612 710 1651 saxorum
717 1598 806 1651 cessit.
836 1595 987 1671 Quasepti·

185 1671 262 1727 mani
271 1668 338 1725 dum
348 1670 470 1725 nituntur
480 1669 718 1735 cuneis,tertianns
726 1671 866 1727 securibus
875 1672 987 1745 gladiis-
1032 1668 1035 1675 '

185 1762 241 1819 que
249 1752 353 1817 portam
361 1743 449 1817 perire
469 1745 497 1799 't.
517 1743 640 1800 Primum
650 1745 785 1817 inrupisse
795 1744 983 1812 C.Vclusium,

185 1822 278 1876 tertiae
291 1818 403 1894 legionis
416 1762 540 1886 militem,
556 1820 625 1874 inter
638 1835 731 1875 omnes
746 1827 864 1874 aucbres
873 1829 982 1875 constat.

185 1896 211 1951 ls
224 1896 256 1951 in
265 1894 368 1951 vallum
382 1911 516 1969 egressus,
531 1893 678 1949 deturbatis
692 1894 741 1966 qui
754 1894 911 1959 restiterant,
923 1910 986 1950 con-

184 1971 593 2043 spicuusmanuacvoce·capto
603 1968 884 2025 matraconclamavit.
911 1968 987 2025 Cote-

184 2048 219 2111 ri,
230 2045 343 2117 trepidis
353 2046 408 2101 iam
417 2040 575 2110 Vitellianis,
592 2060 676 2117 seque
685 2060 701 2099 e
709 2042 780 2099 vallo
788 2045 986 2115 praecipitanti-

183 2120 248 2185 bus,
264 2135 419 2192 perrupere.
459 2117 611 2190 Completur
623 2118 711 2186 caede,
723 2126 854 2192 qnantum
864 2120 932 2173 inter
941 2136 985 2174 ca-

183 2204 239 2253 stra
250 2210 397 2269 murosque
406 2194 484 2250 vacui
493 2193 553 2255 luit.
808 2220 811 2226 ·

240 2272 283 2324 30.
305 2268 340 2325 rit
357 2286 453 2325 rursus
472 2286 540 2325 nova
560 2266 682 2323 laborum
697 2266 791 2324 iacies:
812 2267 893 2325 ardua
907 2269 984 2324 urbis

183 2344 301 2409 moenia,
312 2361 408 2400 saxeae
416 2351 512 2407 turres,
525 2342 613 2397 serrati
622 2350 758 2414 portarum
766 2343 864 2410 obices,
873 2344 983 2399 vibrans

183 2418 235 2475 tela
249 2417 339 2485 miles,
355 2418 480 2492 frequens
494 2418 691 2490 obstrictusque
700 2415 848 2474 Vitellianis
861 2419 985 2491 partibus

183 2492 374 2549 Cremonensis
382 2493 509 2565 populus,
521 2510 618 2567 magna
627 2510 690 2564 pars
700 2492 799 2559 Italiae,
811 2501 877 2549 stato
886 2495 915 2548 in
925 2510 984 2548 eos-

182 2568 246 2624 dem
258 2568 318 2639 dies
333 2577 450 2624 mercatu
463 2574 619 2643 congregata
626 2587 639 2640 z·
654 2568 727 2640 quod
741 2566 925 2624 defensoribus
935 2585 984 2623 au·

181 2642 283 2717 uilium
292 2644 327 2699 oh
337 2642 771 2716 multitudinem‚cppugnantibns
778 2644 982 2699 incitamentum

181 2718 217 2774 ob
235 2718 373 2790 praedam,
394 2714 459 2773 erat]
495 2719 563 2787 Rapi
581 2723 654 2789 ignea
671 2716 817 2783 Antonius,
839 2722 984 2788 inferrique

180 2798 373 2849 amoenissimis
391 2794 576 2848 extra'urbam
594 2796 721 2863 aediliciis
737 2792 834 2861 iubet3-
848 2794 871 2846 si
885 2792 983 2846 damno

179 2884 275 2923 rerum
291 2884 402 2923 suarum
416 2867 605 2923 Cremonenses
620 2866 654 2921 ad
668 2866 823 2922 mutandam
837 2865 916 2921 fidem
928 2864 983 2924 aa·

180 2942 320 2999 berentur.
353 2942 506 3015 Propinqua
515 2942 601 3018 muris
610 2948 688 3007 tecta,
699 2949 725 2996 et
732 2939 900 2995 altitudinem
910 2953 983 2991 moe-
