2559 3692
191 460 215 495 a.
231 438 319 511 nro.)
398 448 477 495 nra.
495 448 532 495 11.
553 450 641 497 cnr.
663 451 784 497 sr-aa,
943 418 993 503 iti

189 548 266 607 obvii
286 565 322 605 ex
341 547 408 603 urbe
426 556 557 605 senatores
576 550 749 623 equitesque:
778 552 890 623 quidam
908 563 991 622 matu,

189 623 337 695 mutat‘par
352 622 538 689 adulationem,
553 625 632 679 ceteri
646 624 937 697 acpaullatimomnes,
948 646 1009 696 ne,⁸

190 700 254 757 aliis
264 696 508 786 proficiscentibus,
516 699 753 787 ipsiremanarent.
774 700 993 775 adgregabantrn

190 772 996 921 talttdttttttlttttlttlttttttttt:

191 925 295 981 mentis
305 922 377 985 mira
389 922 529 996 gaudebat.
551 990 554 995 Ι
568 924 623 979 Nec
631 923 749 981 coloniae
761 925 839 981 modo
848 932 895 981 aut
903 927 995 981 muni·

191 1000 264 1071 cipia
274 998 557 1071 congestu'ottpiarum,
567 998 679 1073 sedipsi
687 998 802 1055 cultores
809 1016 928 1072 arvaque
937 1017 996 1067 ma-

191 1075 263 1131 turis
272 1072 329 1128 iam
337 1072 471 1146 frugibus,
482 1080 513 1128 ut
522 1072 617 1129 hostile
625 1072 724 1139 solum,
735 1075 917 1131 vastabantur.

249 1152 294 1203 88.
314 1146 413 1203 Multae
427 1155 453 1202 et
465 1154 564 1203 atroces
576 1148 646 1203 inter
656 1148 813 1204 semilitnm
821 1150 925 1215 caedes,
935 1158 996 1221 post

191 1222 354 1281 seditionem
369 1222 587 1293 Ticini'eoeptam
601 1231 725 1279 manente
736 1220 871 1298 legionum
880 1224 998 1281 auxilie«
1013 1228 1017 1236 '

192 1294 994 1446 ibttdttdttiltttt'tbitoestttlt

193 1448 263 1505 urbe
274 1446 399 1519 lapidem.
438 1445 557 1521 Singulis
567 1447 606 1501 ibi
615 1447 748 1503 militibus
757 1447 880 1505 Vitellius
889 1458 994 1521 paratos

192 1524 280 1588 cibos,
300 1530 331 1577 ut
346 1521 528 1595 gladiatoriam
546 1522 678 1596 saginam,
698 1522 847 1579 dividebat:
871 1532 898 1579 et
910 1523 994 1579 emsa

192 1597 289 1671 plebes
307 1598 368 1653 totis
387 1598 416 1651 'se
432 1597 525 1653 caetris
540 1596 704 1653 miscuerat..
731 1599 881 1654 lnourioses
895 1597 995 1655 milites

191 1660 349 1748 (vernacula¹
366 1671 507 1727 utebantur
526 1670 688 1744 urbanitate)
706 1672 817 1743 quidam
835 1671 993 1744 spoliavere,

191 1748 309 1805 abscisis
324 1746 416 1803 iurtim
430 1745 534 1810 balteis,
557 1763 592 1802 an
611 1746 722 1801 aoeiucti
740 1744 826 1801 forent
840 1748 993 1820 rogitantes.

192 1825 256 1889 Non
265 1822 328 1877 tulit
337 1821 486 1877 ludibrium
498 1820 618 1877 insoleus
626 1819 931 1877 coutumeliaaauimus:
952 1822 996 1875 in-

193 1915 297 1955 ermem
311 1896 441 1969 populum
455 1895 553 1970 gladiis
567 1896 709 1971 invasere..
737 1894 839 1951 Caesus
852 1897 921 1950 inter
930 1894 995 1951 alios

192 1982 270 2047 pater
280 1972 384 2037 militis,
395 1989 458 2027 carm
467 1971 555 2030 lilium
565 1972 749 2041 comissam
766 1969 862 2026 deiude
871 1970 993 2043 agnitrtsr

192 2058 230 2114 et,
247 2047 357 2121 vulgata
370 2046 458 2112 caede,
478 2053 654 2119 temperatum
667 2045 702 2102 ab
714 2046 842 2118 moeniis.
882 2046 912 2099 ln
929 2044 997 2100 urbe
1042 2075 1045 2084 ·

192 2135 285 2179 mmcn
304 2122 473 2193 trepidatum,
493 2122 725 2194 praecurrentibus
737 2121 840 2193 passim
850 2119 992 2175 militibus.

192 2199 296 2256 Forum
311 2196 429 2253 maxime
443 2198 573 2268 petebant,
593 2197 719 2269 cupidine
732 2196 837 2252 nsandi
850 2196 948 2262 locum
965 2197 994 2251 iu
1014 2191 1027 2249 Ῐ

192 2290 251 2347 quc
262 2271 347 2335 Galba
356 2272 498 2335 iacuisset.¹
522 2272 580 2327 Nec
587 2272 680 2327 miuus
691 2288 802 2328 saevum
812 2270 994 2343 spectaculum

193 2356 271 2405 erant
280 2348 343 2419 ipsi,
359 2347 440 2419 tergis
449 2346 563 2402 ferarum
576 2354 603 2402 et
612 2347 766 2421 ingentibus
778 2347 836 2404 telis
845 2346 994 2411 humentes,
1110 2336 1118 2349 ⁶

193 2420 259 2497 cum
272 2422 378 2479 turbam
392 2420 485 2493 populi
494 2438 543 2493 per
552 2421 685 2477 inscitiam
698 2438 795 2494 parum
803 2422 926 2487 vitarent,
936 2430 993 2485 aut,

193 2498 243 2555 ubi
258 2497 362 2553 lubrico
378 2496 436 2551 viae
449 2496 491 2552 vel
504 2514 617 2553 omursu
631 2496 746 2552 alicuius
756 2497 941 2568 protadium,
960 2495 994 2550 ad

193 2573 328 2647 iurgium,
348 2588 411 2627 mox
424 2571 459 2626 ad
472 2588 569 2627 manus
581 2580 607 2627 ot
620 2570 721 2627 ferrum
731 2573 882 2627 nansirent.
921 2569 994 2637 Quin

192 2648 336 2707 attribuni
349 2644 527 2719 pmalmtique
541 2664 601 2703 cunr
616 2656 715 2703 mnam
732 2655 932 2703 etarmatorum
949 2661 995 2701 ca·

192 2724 277 2781 terris
288 2720 440 2779 volitabant.
505 2748 512 2765 ·

250 2801 294 2853 89.
316 2798 376 2869 lpse
388 2795 521 2861 Vitellius,
542 2814 557 2850 a
575 2804 655 2869 ponte
669 2796 772 2861 blilvio,
793 2795 895 2869 insigni
913 2800 1011 2865 eqrrop

192 2872 339 2946 paludatus
354 2872 551 2942 accinctisque,
571 2878 694 2925 mmmm
707 2878 734 2925 ct
745 2869 876 2941 populum
890 2877 952 2923 anta
965 2884 996 2921 se

192 2966 289 3024 agens,
308 2946 363 3020 ouo
382 2946 482 3011 minus,
502 2953 533 3000 ut
550 2954 668 3017 captam,
689 2944 784 3000 urbem
801 2942 994 3017 ingredaratrrr,
