2559 3692
305 433 337 486 et
543 438 868 486 nrsronranus
965 413 1103 516 (numm.

304 553 428 610 quasque
439 537 658 600 aliasoivitates
675 538 809 594 atrocibus
828 539 921 594 odietis
939 546 986 594 rut
1003 537 1105 594 damno

304 611 398 674 finium
421 612 505 670 Galba
523 611 682 684 perculerat,
702 612 822 668 hibernis
841 612 975 687 legionum
990 616 1105 685 propius

303 687 460 744 miscentur.
495 687 569 742 Unde
578 687 703 742 seditiosa
711 687 861 758 oouloquia‚
872 695 899 742 st
907 689 975 742 inter
984 705 1105 761 paganos

303 763 456 833 oonruptior
469 762 557 828 miles,
579 771 604 817 et
620 762 648 816 in
663 762 820 837 Verginium
836 762 919 828 lavor,
939 764 1105 835 eurumque

303 836 349 892 alii
360 836 526 907 profuturus.

357 913 401 966 et.
421 911 529 966 Miserat
540 911 633 966 civitas
644 911 806 984 Lingonum,
815 922 904 966 vetere
912 911 1043 976 imenn.
1054 911 1106 968 do·

303 1003 338 1040 na
348 984 509 1057 legionibus,
520 984 636 1049 darnae,
648 985 758 1056 hospitii
766 987 882 1059 insigne.
895 986 987 1059 Legati
996 1003 1102 1052 eorum,

302 1061 332 1114 iu
346 1058 497 1131 squalorem
511 1060 726 1131 maestitiamque
739 1061 948 1133 compositbper
957 1061 1102 1135 prinoipia.

302 1147 352 1206 per
364 1133 545 1200 conturbernia,
567 1134 645 1190 modo
657 1151 720 1190 suae
733 1140 854 1197 imerius,
876 1135 954 1190 modo
966 1139 1104 1190 eioitotum

303 1212 451 1264 ololaarrsm
461 1213 590 1277 monia,
604 1217 638 1273 et,
650 1208 698 1264 ubi
707 1210 800 1279 pronis
808 1209 927 1264 militum
936 1209 1049 1264 auribus
1057 1227 1104 1264 ae·

303 1281 484 1352 oipiebantur‚
504 1287 586 1352 ipatus
605 1287 736 1338 anmatos
754 1287 875 1351 poradta
890 1293 914 1337 et
934 1287 1104 1344 ooatunretim

198 1416 199 1424 χ
304 1365 505 1428 nonquerentes‚
519 1357 696 1414 meendobnut
707 1358 820 1413 mimos.
859 1359 914 1412 Nee
927 1357 1103 1428 pruoulsedi·

303 1433 375 1488 tione
393 1431 510 1496 aberant,
529 1449 592 1486 eum
607 1431 772 1487 Hordeonius
784 1427 896 1487 Flaoom
909 1437 983 1488 abire
993 1435 1100 1501 apator,

303 1513 387 1642 putppp
399 1505 677 1636 ‘'fflioefflm
689 1514 856 1636 mffiflagte
861 1513 965 1636 tiepatris
972 1511 1103 1636 popedon

303 1599 314 1636 1
380 1621 387 1634 .
476 1597 529 1640 ea
608 1597 709 1646 rumor,
826 1599 861 1636 an
901 1599 972 1653 usp
1055 1599 1101 1647 ue,

303 1661 458 1725 intersertos,
477 1672 518 1720 ee,
539 1660 592 1710 nter·
606 1661 658 1724 ipss·
669 1659 838 1719 mamlermt,
856 1661 921 1726 (ors,
939 1599 1102 1713 otmari

303 1734 423 1795 militum,
435 1739 460 1786 et
466 1736 616 1800 proemio
626 1737 765 1801 emposta,
776 1750 824 1800 per
836 1735 954 1788 tenebret
962 1740 987 1786 ot
996 1737 1102 1788 imati-

304 1823 348 1862 um
366 1811 714 1862 oeterorumoeoidereotnr.
753 1804 963 1880 obstringuntur
984 1808 1053 1862 inter
1071 1824 1102 1862 so

302 1879 630 1954 taeitoloederelegiones.
662 1879 826 1935 Adsciscian
835 1881 997 1938 auxiliorum
1005 1881 1100 1948 miles;

304 1957 393 2028 primo
411 1963 567 2027 suspectus,
588 1963 738 2026 tamquarm,
758 1955 929 2012 oireumdatis
947 1957 1101 2012 oobortibus

304 2030 423 2102 alisque,
444 2031 551 2100 inpetus
570 2031 599 2085 in
618 2027 735 2102 legiones
754 2038 905 2102 peraretur,
927 2049 991 2088 mox
1008 2032 1102 2088 eedem

305 2105 393 2160 acrius
406 2103 530 2160 volvensr
552 2103 669 2160 faciliore
682 2105 749 2159 inter
762 2105 847 2162 malos
859 2113 991 2163 eonsensu
999 2106 1035 2162 ad
1043 2107 1103 2162 bel-

304 2178 373 2244 lum,
384 2193 467 2250 quam
477 2179 506 2234 in
515 2195 581 2250 paee
588 2179 622 2234 ad
632 2180 808 2236 concordiem.

358 2256 402 2310 tt.
423 2251 558 2310 Inferioris
574 2261 663 2310 temen
676 2255 835 2311 Germaniae
851 2255 968 2330 legiones
986 2254 1101 2312 solemni

303 2327 364 2384 Kal.
371 2329 555 2384 Ianuariarum
566 2339 729 2386 sacramento
738 2348 787 2401 pro
795 2331 880 2386 Galba
889 2331 1005 2396 adactae,
1015 2331 1102 2398 multa

303 2405 468 2460 ermetatlone
478 2411 503 2459 et
512 2404 579 2467 raris
588 2406 738 2476 primorum
746 2405 870 2462 ordinum
880 2405 1007 2462 vocibus:
1020 2408 1103 2462 ueteri

303 2476 409 2536 silentio
422 2479 538 2550 proximi
551 2481 684 2552 cuiusque
695 2479 832 2536 andeolum
842 2485 1037 2553 exspectantes:
1057 2481 1103 2536 iu-

303 2553 355 2610 sita
369 2552 526 2609 mortalibus
540 2561 643 2620 natura,
663 2571 774 2626 propere
787 2557 875 2628 sequi,
895 2573 966 2627 quae
976 2557 1050 2628 piget
1058 2557 1103 2611 in·

303 2627 407 2684 ehoare.
447 2627 574 2700 Sedipsis
585 2629 736 2702 legionibus
745 2631 831 2686 iuerat
841 2631 1102 2688 diversitasanimo-

303 2719 375 2760 rum.
414 2703 533 2776 Primani
547 2704 724 2776 quintanique
737 2705 838 2760 turbidi
853 2706 927 2771 adeo,
947 2713 978 2761 ut
987 2706 1101 2777 quidum

304 2795 368 2834 saxa
386 2778 416 2833 iu
436 2777 535 2834 Galbae
554 2779 686 2853 imeglnes
703 2780 826 2835 ieoermt:
839 2780 841 2784 ’
853 2779 1051 2853 quintadeoimd
1071 2799 1103 2836 ao

304 2851 480 2910 sextadecima
501 2853 627 2928 legiones,
646 2853 716 2908 nibil
735 2853 804 2910 ultra
822 2855 961 2912 fremitum
974 2863 1000 2909 et
1011 2856 1101 2912 minas

305 2945 394 2996 ausae,
415 2929 523 3010 initium
542 2930 701 3002 erumpendi
719 2929 982 3004 droumspeotsbant.
1021 2933 1102 2988 At‘in
