2559 3692
267 504 270 512 ·
314 479 346 530 aa
552 481 877 529 nrsrournnuu
976 472 1116 547 (antu.

314 582 379 640 telae
392 585 488 656 ct'agri
503 573 623 638 veterum
633 578 791 638 Crassorum
805 582 962 639 conaminis
973 580 1049 637 lavor
1059 600 1117 637 ma-

313 659 400 718 nabat.
434 658 517 732 Igitur
527 657 669 714 deterrimo
680 674 790 786 quoque
798 659 827 712 in
836 666 1028 732 argumentum
1038 655 1117 712 labu-

313 733 353 790 laa
371 734 521 804 adsumpto,
542 730 643 806 vulgus
662 731 743 787 oradu
754 750 803 788 um
816 732 967 804 etquidem
983 730 1114 794 militum,

312 825 400 865 ermre
410 808 467 870 veri
476 824 525 862 asu
534 807 676 864 turbarum
685 806 784 872 studio,
800 809 919 862 mum
931 805 1116 880 adgregaban-

312 889 371 940 trirt
399 900 463 938 cum
485 889 631 954 pertractus
655 881 690 937 ad
709 880 854 947 Vitelliumx
871 883 1114 954 interrogatusque,

312 955 601 1030 quisnammortalium
612 963 692 1022 esset,
702 964 844 1028 postquam
857 955 932 1012 nulla
946 956 1027 1011 dictis
1036 953 1114 1019 fides}

314 1040 340 1087 et
351 1049 366 1087 a
376 1031 484 1087 domino
494 1031 662 1097 noscebatur,
679 1030 828 1088 conditione
841 1029 983 1104 fugitivus,
1006 1032 1114 1086 nomine

314 1107 388 1172 Geta,
403 1114 542 1178 sumptum
557 1106 590 1163 de
600 1124 631 1162 eo
640 1105 806 1178 supplicium
815 1106 940 1162 servilem
950 1108 979 1162 in
990 1106 1111 1192 modum.

366 1223 409 1278 7³.
427 1213 483 1278 ‘vix
497 1223 623 1279 credibile
635 1232 783 1279 memoratu
797 1232 846 1290 est,
866 1232 1002 1297 quantum
1018 1244 1114 1298 super·

313 1299 372 1353 biae
384 1298 571 1371 socordiaeque
583 1297 689 1355 Vitellio
702 1299 853 1365 adoleverit,
863 1308 1007 1371 postquam
1018 1318 1113 1372 specu·

314 1375 406 1428 latores
420 1390 434 1426 e
448 1371 525 1446 Syria
540 1371 699 1444 Iudaeaque,
718 1373 840 1429 adactum
851 1376 879 1428 in
890 1376 971 1428 verba
981 1376 1042 1430 eius
1053 1375 1112 1432 Ori-

312 1453 400 1505 entem
413 1449 579 1506 nuntia'vere.
619 1449 697 1513 Nam,
713 1450 763 1503 etsi
777 1450 852 1522 vagis
867 1447 955 1504 adbuc
968 1458 995 1504 et
1003 1451 1111 1506 incertis

312 1523 473 1588 auctoribus,
490 1530 545 1577 arat
554 1530 642 1577 umen
653 1523 682 1578 in
691 1540 736 1578 cre
746 1522 869 1595 famaque
877 1524 1072 1595 Vespasianus,
1084 1544 1112 1582 ac

312 1597 472 1670 plerumque
481 1595 514 1652 ad
525 1614 621 1653 nomen
632 1599 690 1652 eius
700 1597 823 1655 Vitellius
833 1598 1006 1654 excitabatur.
1042 1599 1110 1656 Tum

312 1675 379 1744 ipso,
391 1673 586 1745 exercitusque,
602 1680 632 1727 ut
646 1671 720 1730 nullo
730 1673 843 1737 aemrrlo,
855 1674 974 1738 saevitia,
987 1674 1110 1741 libidine,

311 1755 398 1820 raptu,
409 1748 438 1804 in
449 1756 570 1804 externos
580 1766 668 1804 mores
677 1755 860 1820 proruperant.

365 1858 409 1914 ll.
423 1857 653 1930 -AtVespasianns
667 1856 769 1912 bellum
779 1874 917 1929 armaque,
927 1866 955 1912 et
964 1859 1061 1929 procul
1073 1859 1110 1914 vel

311 1934 384 1989 iuxta
397 1934 462 1988 sitas
471 1935 551 1998 vires,
563 1931 808 2003 circumspectabat.
838 1932 916 1988 lllilas
925 1933 979 2004 ipsi
989 1932 1057 1990 adeo
1066 1952 1112 2005 pa·

311 2015 394 2072 ratus,
415 2016 446 2063 nt
458 2014 629 2079 praeeuntem
643 2017 849 2073 sacramentum,
869 2016 895 2062 et
908 2006 993 2062 fausta
1005 2009 1112 2066 Vitellio

310 2083 401 2138 omnia
418 2089 578 2152 precantem,
599 2097 648 2152 per
659 2079 797 2136 silentium
810 2082 952 2137 audierint.
991 2083 1111 2139 bluciaci

311 2157 419 2211 animus
432 2171 483 2212 nec
495 2156 659 2228 Vespasiano
671 2155 785 2222 alienus,
803 2167 831 2212 et
843 2159 872 2213 in
886 2158 977 2212 Titum
991 2161 1109 2230 pronior.

311 2229 460 2290 Praefectus
469 2230 594 2304 Aegypti,
606 2232 648 2287 Ti.
659 2229 818 2297 Alexander,
833 2232 944 2288 consilia
953 2234 1109 2290 sociaverat.

311 2307 426 2362 Tertiam
438 2304 579 2380 legionem,
590 2308 664 2378 qnod
672 2305 775 2381 e'Syria
783 2307 813 2362 in
822 2307 950 2363 Moesiam
960 2310 1109 2372 cessisset,

310 2397 388 2436 suam
403 2375 584 2438 numerabat.''
608 2381 714 2438 Ceterae
727 2381 828 2456 lllyrici
842 2381 958 2456 legiones
970 2392 1112 2440 secuturae

311 2457 495 2528 sperabantur.
534 2453 657 2531 Namque
670 2475 764 2512 omnes
778 2458 911 2514 exercitus
928 2454 1112 2515 lhmmaverat

310 2532 462 2606 arbogantia
471 2533 636 2621 venientium
646 2551 662 2588 a
672 2533 778 2588 Vitellio
790 2532 917 2620 militum,
928 2532 1012 2621 quod,
1023 2542 1112 2590 buces

310 2607 940 2754 ttbtlt‘tlz‘tlttttttttttttt
946 2608 1112 2756 ffllffi

310 2760 413 2823 sianus,
425 2757 504 2814 modo
514 2759 542 2812 in
551 2774 628 2829 spem
636 2757 900 2830 erectus,aliquando
908 2756 1021 2814 sdversa
1026 2775 1112 2832 repu-

310 2833 394 2889 tabat:
417 2833 684 2903 Oulst'lladtaalortt,
697 2833 1113 2901 qaoLXoctotr'snuooaotdnct

309 2913 377 2978 tilica
385 2913 490 2976 laecum
503 2909 568 2962 tetta
574 2904 753 2976 protelaret?
776 2908 840 2976 Eece
846 2911 961 2976 privatis
972 2914 1114 2978 cogitatio-

310 2987 386 3040 ru'tur
393 2997 566 3054 proqroesatur,
578 2991 610 3047 et,
620 2990 699 3052 prout
708 2984 796 3046 veltet,
805 2985 866 3051 plut
875 2987 991 3038 mames
998 2989 1072 3037 sumi
1079 3001 1115 3038 aa
