2559 3692
197 452 321 527 antu)
410 463 486 509 uta.
510 464 530 510 1.
551 465 639 512 cau.
660 466 782 515 stt-us.
928 455 999 519 'aa

195 565 270 620 cinae
286 579 341 634 per
361 563 434 633 ipsos
453 573 626 634 compertum.
667 565 710 630 lit,
722 572 786 638 quta
801 567 934 638 praesidio
942 569 999 625 alae
1025 586 1029 601 ·

194 639 279 694 unius
291 637 423 692 latissima
433 654 493 708 para
504 638 593 694 ltaliae
605 637 711 694 defendi
721 642 859 713 nequibat,
870 645 999 712 praemis-

193 715 231 768 sis
242 711 387 768 Gallorum
397 711 584 768 Lusitanorum
594 715 836 787 britannorumque
847 716 1000 774 cohortibus

192 787 555 853 etGermanorumvaxillis,
571 806 632 844 oum
649 789 690 844 ala
700 790 815 856 Petrina,
825 791 884 861 ipse
893 791 1000 862 paullu-

195 862 253 916 lum
267 868 419 926 cunctatus,
435 879 502 918 uum
512 862 645 918 Rhaeticis
655 865 684 918 iu
705 865 711 878 '
736 865 765 920 in
774 865 902 921 Noricum
913 864 1014 933 flente-¹

197 945 244 1001 rot,
264 937 397 992 adversus
417 937 580 1004 Petronium,
602 936 687 1012 [urbia
719 948 926 1010 promratorem,
949 943 997 1014 qui

197 1012 307 1068 oonoitia
322 1011 442 1076 auxiliis,
457 1019 483 1067 et
495 1013 652 1084 interruptis
660 1011 805 1069 fluminum
815 1016 952 1086 pontibus,
967 1016 999 1070 fi-

194 1086 247 1142 dus
267 1085 367 1142 Othoni
387 1086 539 1156 putabatur.
578 1085 631 1143 Sed
643 1096 732 1154 metu,
739 1105 773 1144 ne
782 1092 913 1145 amitteret
921 1107 998 1162 prae-

192 1163 294 1218 missas
304 1161 358 1216 iam
369 1160 488 1216 eohortes
498 1161 617 1234 alasque,
628 1162 711 1218 simul
721 1173 857 1236 reputans,
867 1164 931 1236 plus
940 1165 999 1240 glo-

192 1238 249 1292 riae
263 1243 366 1291 retenta
378 1235 461 1295 ltalia.
473 1244 508 1301 et,
520 1235 822 1310 ubicumquooertatum
834 1239 908 1306 foret,
919 1241 998 1296 Nori·

191 1329 238 1366 eos
250 1311 282 1365 in
296 1317 382 1366 netem
393 1310 516 1366 victorias
525 1313 644 1382 praemia
653 1329 785 1377 sammon
798 1314 897 1370 Peninn
906 1315 997 1370 subsi-

190 1403 319 1460 gnanum
333 1384 446 1440 militem
461 1386 564 1451 itinere,
576 1395 603 1442 et
612 1404 695 1460 grave
703 1387 839 1462 legionum
847 1406 943 1463 agmen
953 1389 997 1445 hi-

190 1461 287 1516 bernia
296 1459 385 1515 adhuo
394 1458 508 1531 Alpibus
519 1461 646 1516 traduxit.

249 1537 294 1590 tt.
316 1533 385 1589 Otho
399 1534 517 1599 interim,
533 1545 621 1592 oontm
631 1553 708 1608 spem
717 1537 850 1616 omniunt,
862 1555 916 1594 non
930 1538 998 1594 deli-

189 1609 997 1760 idhitlttttitt‘tnbttlibitui

189 1761 255 1816 alta,
294 1759 388 1830 quue
397 1758 460 1830 plus
470 1757 623 1814 formidinis
634 1759 875 1822 adferebantlalaae
884 1764 995 1818 uirtutes

190 1841 218 1889 et
227 1832 296 1889 vitia
306 1833 432 1888 reditura.
472 1834 586 1889 Marium
597 1833 716 1900 Celsum,
727 1834 863 1890 oonsulem
873 1835 997 1910 designa-

190 1917 263 1975 tum,
280 1925 328 1980 per
339 1908 456 1980 speciem
466 1908 649 1975 vinculorum,
662 1909 789 1966 saevitias
802 1908 920 1964 militum
931 1911 996 1966 sub

191 1991 320 2048 tractum,
331 1983 410 2038 aooiti
420 1984 448 2038 in
457 1982 617 2055 Capitolium
627 1985 710 2041 iubet.
731 1983 893 2040 Clementiae
901 1985 995 2042 titulos

190 2059 278 2114 eviro
287 2057 359 2113 claro
368 2065 393 2113 et
402 2059 523 2130 partibus
533 2059 621 2115 inviso
629 2059 777 2132 petebatun
816 2057 996 2126 celeumata·
1017 2090 1019 2094 ·

192 2142 294 2188 stanter
314 2141 432 2187 servatae
448 2150 511 2222 erga
522 2133 634 2222 Galbam
654 2135 716 2189 lidei
730 2135 831 2190 crimen
845 2133 992 2224 malesana,

191 2206 593 2351 tt‘jmllhllbltttt
607 2208 995 2351 milhmam

191 2359 283 2414 statim
300 2358 369 2412 inter
382 2358 490 2414 intimos
504 2359 603 2414 amieos
617 2358 720 2424 habuit,
730 2366 763 2414 ot
775 2376 839 2416 mox
846 2359 917 2416 hallo
926 2361 994 2416 inter

190 2433 275 2489 duoes
286 2431 392 2506 delegit.
432 2433 582 2506 llausitquo
596 2433 682 2499 Celso,
694 2433 768 2489 velut
782 2434 902 2501 letaliter,
913 2437 992 2491 etiam

190 2526 240 2581 pro
250 2507 356 2564 Othone
367 2505 435 2564 fides
448 2508 549 2582 integra
563 2517 589 2563 st
600 2508 704 2564 infelix.
743 2510 821 2564 Laeta
829 2510 993 2582 primoribus

191 2583 320 2647 civitatis,
335 2581 462 2637 celebrata
476 2584 506 2638 in
519 2583 619 2657 vulgus
628 2583 700 2640 Celsi
712 2583 796 2649 salus,
818 2602 852 2640 ne
860 2585 993 2641 militibus

191 2657 304 2730 quidem
323 2657 425 2731 ingrata
439 2655 499 2723 luit,
518 2659 630 2715 eandem
644 2660 771 2715 vimutom
786 2659 991 2725 admirantibus,
1049 2736 1056 2750 ·
1107 2667 1112 2676 '

191 2733 236 2790 cui
246 2732 438 2788 iresoebantur.

247 2810 292 2865 72.
308 2807 358 2862 Par
368 2807 430 2862 inde
440 2805 580 2863 exsultatio
589 2799 744 2882 disparibus
753 2810 856 2866 oaussis
866 2824 994 2863 oensem·
1082 2841 1085 2850 ·

192 2890 227 2948 ta,
250 2883 380 2953 inpetrato
396 2881 518 2956 Tigellini
541 2883 630 2937 exitio.
670 2881 823 2955 Sophonius
832 2881 991 2955 Tigellinus,

192 2957 316 3014 obaesus
328 2955 582 3033 parmomo-taeda
597 2955 722 3028 poentio,
736 2957 863 3028 inpudica
877 2961 991 3017 senecta,
