2559 3692
202 427 330 502 sata)
397 438 802 488 meresinae-ae.
868 415 870 418 ’
959 436 1007 491 tet

203 540 742 611 quoqueetveteraimperlintunintsnta
751 540 912 597 deenen.
931 542 1009 609 Quod

202 614 235 669 in
249 622 317 685 paee
332 611 386 667 iore
401 630 449 669 seu
464 622 567 681 natura,
582 624 647 670 tuno
656 613 741 671 fatum
755 623 782 670 et
795 617 835 671 ira
844 616 1010 673 deiuooaba·

202 696 261 746 tur.
303 689 433 761 Ingressis
443 688 588 745 Novesium
597 689 777 745 tertiadecima
789 689 860 765 legio
868 692 1009 778 seiungi.

203 772 261 819 tur.
301 763 416 819 Addims
429 763 545 821 Vooulae
562 764 591 820 in
605 772 708 836 partem
722 782 848 821 curuum
858 767 1008 823 Herennius

205 837 303 895 Gallus
318 838 435 913 legatus:
456 854 505 895 nee
519 840 579 895 ausi
593 838 627 895 ad
638 838 742 895 bostem
754 856 875 915 pergere,
886 840 953 908 looo,
962 842 1009 899 eut

204 913 331 971 Gelduba
344 930 443 970 nomen
456 922 505 981 est,
521 921 606 969 oestra
620 912 713 969 leonte.
752 915 793 971 lbi
805 915 932 971 struenda
940 918 1007 982 soie,

188 988 355 1045 'muniendo
373 989 550 1062 vallandoque
568 997 595 1044 et
612 990 707 1044 esteris
725 988 789 1045 belli
811 990 1008 1047 meditamentis

204 1063 322 1121 militem
335 1062 485 1120 firmabant.
524 1064 612 1137 thue
623 1063 721 1136 praede
733 1064 769 1120 ad
779 1066 1008 1122 virtutemaooen-

204 1138 324 1206 deretur,
339 1140 368 1195 in
382 1140 519 1212 proximos
533 1140 721 1213 Gugernorum
733 1156 825 1213 pagos,
839 1141 890 1213 qui
898 1142 1008 1197 societa-

204 1225 261 1271 tem
272 1213 367 1270 Civilis
377 1214 642 1287 aooeperantduetus
651 1213 772 1271 eVoeule
779 1216 920 1272 exereitus.
941 1217 1006 1273 Pers

204 1306 270 1347 oum
280 1290 413 1347 Herennio
421 1290 498 1346 Gallo
506 1290 662 1362 permansit.

261 1366 306 1423 27.
326 1364 403 1421 Forte
421 1382 527 1430 navem,
548 1362 622 1419 haud
639 1363 733 1435 proeul
749 1366 852 1431 metris,
872 1365 1006 1423 frumento

203 1456 327 1515 gravem,
343 1456 406 1495 oum
418 1440 541 1513 pervade
551 1439 690 1505 haesisset,
707 1438 957 1497 &maniinsuam
967 1442 1006 1497 ri-

203 1532 269 1587 pam
283 1515 432 1571 trahebant.
469 1516 528 1571 Non
542 1514 605 1570 tulit
617 1514 727 1580 Gallus,
743 1515 872 1588 misitque
883 1514 1006 1572 subsidio

203 1590 348 1647 eohortem.
389 1590 491 1646 duetus
505 1598 530 1645 et
539 1590 735 1646 Germanorum
747 1607 887 1655 numerus,
900 1590 1005 1663 paulla-

203 1667 311 1739 timque
319 1665 525 1741 'adgregantibus
536 1682 565 1720 so
574 1664 694 1730 auxiliis,
705 1666 762 1721 eois
769 1672 908 1720 sertatum,
936 1666 1004 1721 Ger·

204 1743 281 1796 mani
296 1740 381 1795 multa
398 1758 461 1796 oum
475 1748 563 1813 strage
576 1746 729 1795 nostorum
746 1756 843 1795 navem
857 1740 1003 1811 abripiunt

203 1816 275 1871 Victi
294 1815 376 1891 (quod
385 1817 481 1873 tumin
499 1830 600 1873 morem
617 1812 740 1886 verterat)
758 1831 812 1870 non
831 1830 910 1869 snam
929 1814 1005 1887 igna-

204 1893 294 1957 viam,
315 1890 364 1946 sed
381 1890 520 1963 perfidiam
534 1890 613 1965 legati
625 1887 778 1961 eulpabant.
817 1889 1005 1944 Protraotume

204 1967 327 2033 tentorio,
350 1967 434 2021 seisse
448 1974 529 2031 vesto,
550 1965 687 2022 verberato
703 1978 821 2036 oorport,
842 1964 1002 2035 quopretio,

204 2042 307 2113 quibus
321 2042 445 2106 consciis,
460 2040 619 2113 prodidisset
632 2040 790 2105 exereitum,
803 2038 892 2094 dioere
900 2038 1002 2097 iubent.

203 2116 282 2171 Redit
291 2117 320 2171 in
329 2116 509 2172 Hordeonium
518 2116 629 2171 invidie.
650 2113 875 2171 lllumauetorem
884 2113 1002 2181 soeleris,

203 2190 279 2247 buno
293 2192 449 2247 ministrum
461 2197 569 2259 voeent3
589 2188 682 2255 donee,
693 2190 806 2245 exitium
817 2189 1002 2246 minitantibus

204 2268 356 2333 exterritus,
365 2266 542 2339 proditionem
552 2272 579 2319 et
587 2265 646 2337 ipse
655 2264 804 2321 Hordeonio
811 2263 920 2321 obiecit:
940 2267 1003 2321 rin·

203 2352 327 2415 musque,
343 2340 458 2398 adventu
471 2341 581 2396 dentum
596 2338 713 2395 Voeulae
724 2338 880 2396 exsolvitis.
919 2340 1003 2413 lepo-

203 2426 273 2473 stera
288 2418 332 2473 die
345 2426 463 2473 ouowres
477 2414 614 2471 seditionis
628 2422 714 2469 morte
725 2412 829 2469 edleoit.
869 2414 951 2469 Tanta
961 2414 1002 2471 illi

184 2530 191 2543 .
204 2493 333 2549 exercitui
343 2492 482 2547 diversitas
491 2492 576 2545 inerat
586 2485 913 2563 lieentiaepatientiaeque.
924 2488 1002 2545 Hand

203 2567 286 2623 dubio
298 2566 437 2641 gregarius
451 2564 529 2621 miles
541 2562 647 2622 Vitellio
660 2563 746 2619 fidus:
766 2563 1001 2636 splendidissimus

202 2643 321 2716 quisque
344 2642 374 2695 in
397 2641 589 2711 Vespasianum
611 2640 699 2712 proni.
738 2639 803 2694 Inde
822 2638 953 2695 scelerum
970 2656 1002 2695 ao

202 2716 397 2787 suppliciorum
410 2716 492 2781 vises,
506 2723 533 2770 et
540 2715 644 2771 mixtus
652 2714 782 2787 obsequio
791 2713 878 2771 turer:
899 2724 1001 2771 utoon·

201 2798 471 2921 estiterit
482 2798 1001 2919 uuluam.

201 2939 246 2995 nia
260 2936 410 3007 extollebat,
424 2938 546 2995 societate
559 2938 736 2995 nobilissimis
748 2934 874 2994 obsidum
886 2936 999 2991 firmata.
