2559 3692
324 428 375 484 256
492 434 520 481 c.
540 433 758 481 censemus
779 434 945 481 uolnus

325 533 495 607 queeiiberis
504 532 629 589 inviolate
641 550 673 587 no
681 532 762 607 digua
770 533 947 607 reddet,quee
957 552 1050 591 nurus
1059 538 1128 591 aoei-

324 612 409 681 pient,
420 624 569 681 rursusque
577 607 611 662 ed
619 616 728 679 nepotes
738 606 860 664 referent.
938 618 945 627 ·
1143 634 1144 677 i

380 686 421 738 ⁴9.
440 683 463 737 E
521 692 611 754 septee
619 681 747 753 pudicitie
757 690 849 755 agunt,
864 682 948 738 nullis
958 686 1127 755 spectaculo

325 756 481 813 ruminieoe
499 759 547 822 ris,
565 755 649 812 nuliis
658 757 842 813 conviviorum
852 756 1057 815 imitationibus
1068 778 1127 815 eou-

324 841 426 904 ruptee.
464 832 625 886 Litterarum
648 839 747 886 secrete
770 832 822 886 viri
841 834 939 903 puriter
958 850 991 888 ae
1011 832 1126 889 feminae

324 908 455 981 ignorent.
494 906 658 961 Peueissime
671 906 700 959 in
715 913 769 961 iem
779 924 919 963 numerose
933 916 1016 980 geute
1025 908 1124 965 adulte

324 984 379 1050 rie3
399 998 514 1053 querum
524 996 608 1051 poeno
617 988 787 1051 praemonet
796 981 899 1036 meritis
908 984 1058 1052 permissu.
1079 986 1124 1039 Ae

325 1058 389 1112 eisis
407 1055 538 1119 crinibus,
559 1054 695 1119 nudatum,
707 1072 804 1111 eorem
822 1058 995 1127 propinquis,
1018 1059 1124 1130 expellit

325 1129 746 1201 domomeriius,eeperomnem
756 1129 848 1185 vioum
857 1130 968 1185 verbere
977 1132 1047 1205 agit.
1077 1134 1123 1188 Pu-

325 1204 435 1261 biieetee
444 1203 515 1257 enim
525 1202 669 1275 pudicitiae
678 1202 752 1259 nulle
763 1204 849 1259 venie.
888 1204 948 1259 Non
962 1204 1064 1271 forma,
1076 1226 1121 1263 non

324 1286 415 1342 eninm,
426 1294 480 1332 non
488 1277 586 1349 opibus
595 1279 721 1333 meritum
732 1279 876 1335 invenerit:
894 1296 975 1335 nomo
983 1282 1063 1336 onim
1073 1282 1122 1337 illio

323 1353 390 1407 viiie
403 1352 483 1407 ridet:
505 1369 564 1418 neo,
583 1369 758 1423 conrumpere
770 1354 960 1425 eteonrumpi‚
983 1356 1120 1411 saeculum
1143 1410 1144 1419 ,

323 1435 440 1482 vocetur.
461 1425 558 1482 Melius
568 1426 678 1499 quidem
688 1426 776 1483 adhue
784 1444 830 1483 soe
838 1428 969 1495 unetos,
980 1430 1014 1485 in
1023 1432 1118 1503 quibus

323 1510 427 1556 tentum
442 1502 560 1575 virgines
578 1501 698 1567 nubunt,
718 1510 744 1557 et
758 1519 821 1559 eum
837 1519 885 1574 spe
899 1511 1019 1575 votoque
1032 1507 1118 1561 uxoris

323 1574 406 1631 semei
416 1578 579 1650 transigitur.
609 1574 1046 1648 Siounumaoeipiuntmaritum,
1058 1598 1118 1652 quo

322 1650 402 1706 modo
414 1668 501 1707 unum
514 1668 611 1723 eorpus
625 1667 762 1723 unumque
777 1652 868 1717 vitum,
889 1669 923 1707 ue
932 1652 991 1707 ulla
1001 1656 1117 1727 cogitatio

323 1726 403 1788 ultro,
418 1742 452 1781 ne
461 1725 564 1799 longior
571 1725 713 1797 cupiditas,
729 1742 763 1780 ne
774 1734 911 1798 umquem
921 1728 1066 1795 meritum,
1077 1729 1117 1784 sed

323 1811 461 1874 tamquam
470 1801 680 1866 matrimonium,
691 1807 788 1855 ament.
813 1802 964 1857 Numerum
974 1800 1115 1859 liberorum

324 1877 410 1941 finire,
426 1883 473 1931 ent
484 1892 650 1948 quemquam
662 1892 697 1931 ex
705 1876 807 1948 agnetis
817 1892 920 1941 necem,
930 1874 1068 1949 flagitium
1076 1879 1116 1933 he-

322 1952 410 2007 betur.
448 1949 614 2022 Piuequeibi
623 1950 688 2005 boni
697 1966 783 2007 mores
794 1950 891 2015 velent,
905 1968 989 2023 quam
1000 1952 1116 2009 elihibo
1143 1968 1144 1981 ¹

324 2025 392 2082 ueei
458 2065 465 2080 .

378 2042 472 2156 iffi
485 2099 560 2154 omui
569 2098 648 2154 domo
657 2098 723 2154 nudi
736 2096 767 2155 eo
775 2098 885 2172 sordidi,
896 2098 985 2155 inhos
996 2109 1081 2168 ernis,
1092 2102 1114 2156 in
1143 2108 1144 2119 ¹

323 2174 389 2228 haee
397 2174 744 2246 empomqueemiremur,
758 2182 922 2231 excrescunt.
960 2173 1114 2249 Suoquen·

322 2265 376 2320 que
385 2257 468 2303 meter
476 2248 606 2306 uberibus
614 2247 725 2314 aliquae
734 2247 837 2303 aucillis
847 2266 878 2303 eo
887 2249 1042 2307 nutricibus
1052 2250 1114 2305 deie-

321 2329 427 2396 guntin.
466 2324 611 2379 Dominum
623 2340 655 2377 eo
664 2340 772 2379 servum
787 2320 870 2379 nullis
880 2322 1046 2381 edumtionis
1056 2324 1114 2380 deli·

313 2397 372 2451 ‘eiis
386 2396 545 2470 ‘dignoseesr
568 2398 637 2451 inter
654 2397 745 2461 eedem
762 2412 866 2469 peoora,
885 2399 914 2453 in
928 2397 1023 2453 oedem
1038 2400 1112 2455 humo

289 2475 291 2478 '
322 2471 432 2545 degunt,
443 2470 607 2540 donee-aetus
617 2480 720 2544 separet
728 2472 869 2545 ingenuos,
885 2473 971 2529 virtus
983 2481 1110 2547 agnoseit.

322 2546 385 2601 Sero
409 2548 540 2603 iuvenum
557 2546 662 2615 Venus3
690 2563 777 2619 eoque
801 2546 959 2603 inexhauste
981 2549 1110 2619 puberes.

321 2620 377 2675 Neo
389 2622 508 2695 virgines
522 2620 694 2689 festinentur3
714 2620 806 2675 eadem
815 2622 933 2686 iuventa,
947 2622 1049 2679 similis
1058 2638 1111 2695 pro-

322 2695 423 2750 oeriten
459 2696 538 2750 Pares
547 2694 705 2767 validaeque
714 2695 869 2761 miserentur,
880 2711 912 2751 eo
920 2694 1016 2753 robore
1025 2713 1111 2769 peren-

322 2777 380 2824 tum
395 2769 473 2840 liberi
487 2768 612 2824 referunt.
651 2768 777 2825 Sororum
792 2769 855 2825 filiis
866 2769 939 2825 idem
947 2770 1110 2842 epudevuu-

321 2842 424 2909 ouium,
436 2843 485 2915 qui
494 2842 567 2914 epud
574 2852 685 2914 petrem,
701 2843 794 2900 honor.
833 2843 949 2911 Quidem
960 2848 1108 2902 sanctiorem

321 2919 514 2991 notionemque
527 2916 600 2973 huno
611 2935 712 2975 nexum
721 2919 861 2991 sanguinis
871 2919 1044 2983 arbitrentur,
1054 2919 1108 2975 etio
