2559 3692
293 442 342 496 432
526 444 851 491 lils'ronldlttltt
954 436 1095 511 (austu

291 566 353 604 rum
361 547 494 619 ¹adspectu
507 544 617 601 haesere
628 544 752 610 victores,
767 543 1014 612 boemensibus,
1028 547 1099 619 quid

291 624 422 681 iuberent.
461 620 580 693 Incipere
602 621 842 695 oppugnabonem.
866 618 937 675 iesso
953 637 1003 693 par
1023 621 1097 677 diem

292 706 449 770 noctemque
462 696 589 759 exercitu,
604 694 731 760 arduum,
742 702 777 760 et,
789 693 865 750 nullo
874 694 950 751 iuxta
959 694 1096 761 subsidio,

291 790 399 845 anceps.
420 770 467 827 Sin
475 769 632 826 Bedriacum
642 770 767 835 redirent,
779 768 960 825 intolerandus
970 778 1028 825 tam
1039 770 1099 827 lon-

292 850 321 923 gi
334 846 438 904 itineris
448 845 531 910 labor,
552 854 578 901 et
592 846 702 901 victoria
715 844 750 901 ad
763 844 876 900 inritum
894 844 1096 902 revolvebatur.

292 924 398 981 Munire
407 919 508 977 metra?
518 918 546 975 id
557 936 676 992 quoque,
687 920 847 991 propinquis
856 918 991 987 hostibus,
1002 920 1099 977 formi-

274 1014 276 1020 ·
292 997 425 1061 dolosum,
441 1011 475 1051 ne
486 995 621 1067 dispersos
631 1004 734 1067 etopus
743 992 882 1051 molientes
892 995 982 1057 subita
992 998 1098 1069 erupti-

291 1092 343 1131 one
361 1071 505 1127 turbarent.
545 1067 619 1136 Quae
638 1087 720 1142 super
738 1076 834 1127 cunda
849 1070 962 1127 terrebat
971 1072 1097 1143 ipsorum

292 1148 381 1213 miles,
392 1144 505 1218 periculi
513 1161 597 1217 quam
606 1161 696 1201 morae
704 1146 853 1217 patientior.
886 1144 995 1218 Quippe
1002 1148 1097 1221 ingra-

292 1233 329 1289 tn,
343 1237 414 1295 quaa
426 1228 492 1286 tuta,
506 1236 540 1275 ex
553 1221 699 1275 temeritate
711 1237 789 1291 spes:
809 1221 955 1293 omnisque
964 1220 1063 1277 caedes
1073 1231 1098 1276 et

294 1297 405 1353 vulnera
415 1296 561 1369 etsanguis
571 1294 696 1351 aviditate
703 1294 816 1367 praedae
823 1296 1033 1371 pensabuntur„

347 1373 391 1430 27.
410 1371 469 1427 lino
482 1370 622 1427 inelinavit
634 1370 777 1435 Antomue,
792 1371 919 1445 cingique
931 1371 1038 1427 vallum
1051 1389 1096 1429 oo-

293 1464 358 1503 rona
367 1447 455 1521 iussit.
484 1446 574 1507 Prima
582 1445 686 1519 sagittis
694 1445 823 1518 saxisque
831 1447 939 1501 eminus
947 1447 1094 1510 certabant

293 1523 393 1578 maiore
406 1520 594 1577 Flavianorum
609 1521 735 1591 pernicie,
752 1521 782 1576 in
792 1534 860 1590 quos
870 1519 922 1577 tela
931 1521 1051 1593 desuper
1063 1521 1097 1577 li-

293 1596 447 1653 brnbantur.
486 1596 549 1653 Mox
562 1593 665 1651 vallum
684 1602 827 1668 portasque
841 1596 992 1668 legionibus
1012 1596 1097 1652 adtri-

292 1674 361 1739 buit¹
375 1680 405 1728 ut
413 1671 543 1727 discretus
553 1670 626 1727 labor
638 1670 717 1727 fortes
731 1670 898 1744 ignavosque
905 1670 1094 1745 distingueret,
1156 1685 1157 1690 ’

293 1757 374 1822 atquae
383 1749 442 1821 ipsa
451 1748 616 1805 contentione
625 1746 728 1803 decorie
738 1745 951 1802 accenderentur.
968 1747 1095 1804 Proxima

292 1824 460 1881 bedriacensi
470 1824 528 1881 viae
539 1823 643 1879 tertiani
652 1822 849 1893 septimanique
857 1838 1012 1893 sumpsere:
1030 1822 1096 1877 dex-

293 1902 388 1956 teriora
398 1899 462 1955 valli
471 1906 562 1955 octava
572 1914 603 1953 ao
612 1896 888 1969 septimaClaudiana:
902 1896 1097 1953 tertiadecima·

293 1992 342 2031 nos
353 1975 386 2031 ad
394 1975 547 2033 Brixianam
557 1979 661 2043 portam
670 1972 777 2043 inpetus
786 1971 856 2028 tulit.
895 1971 1023 2027 Paullum
1032 1972 1097 2028 inde

293 2066 392 2115 morae,
403 2050 469 2105 dum
479 2064 514 2103 ex
522 2047 653 2119 proximis
663 2046 735 2120 egris
744 2045 857 2120 ligones,
867 2044 999 2113 dolabras,
1013 2055 1040 2103 et
1048 2046 1096 2102 alii

294 2124 373 2179 ialeee
388 2122 526 2195 scalaeque
538 2129 701 2177 convectant.
740 2122 820 2187 Turn,
832 2120 907 2177 elatis
916 2139 999 2195 super
1007 2124 1096 2194 capita

294 2200 387 2265 scutis,
399 2198 482 2253 densa
491 2196 623 2253 testudine
633 2196 788 2253 succedunt.
812 2198 947 2253 Romanae
954 2199 1096 2270 utrimque

294 2281 376 2330 artes:
397 2272 513 2346 pondera
527 2290 654 2328 saxorum
667 2270 803 2330 vitelliani
813 2270 990 2344 provolvunt3
1011 2272 1097 2328 disie-

293 2357 363 2405 ctam
372 2346 574 2421 fluitantemque
582 2348 743 2417 testudinem
757 2345 856 2406 lanceis
867 2347 1007 2420 conisque
1017 2366 1097 2403 scru-

293 2433 396 2480 tantur:
417 2422 509 2490 donec,
525 2422 611 2479 soluta
627 2439 755 2497 compage
771 2429 920 2495 scutorum,
940 2439 1095 2497 exsangues

298 2508 340 2556 aut
349 2498 447 2555 laceros
457 2506 652 2571 prosternerent
660 2498 744 2555 multa
756 2515 819 2555 cum
828 2505 925 2572 strage.

348 2576 392 2633 28.
412 2574 556 2631 incesserat
570 2575 710 2639 cunctatio,
728 2574 761 2629 ni
774 2572 856 2629 duces
871 2571 940 2629 fesso
956 2570 1050 2638 militi,
1071 2584 1097 2629 et

296 2647 368 2705 velut
380 2650 474 2705 inritas
489 2650 685 2705 exhortationes
695 2648 832 2714 abnuenti,
846 2647 1006 2705 Cremonam
1016 2666 1097 2715 mon-

297 2734 429 2781 strassent.
470 2725 596 2781 Hormine
609 2724 638 2779 id
651 2724 801 2797 ingenium,
823 2730 854 2779 ut
865 2722 989 2779 Messalla
1002 2723 1087 2779 tradit

294 2818 328 2855 an
342 2801 427 2873 potior
441 2808 531 2856 auctor
544 2801 579 2855 sit
593 2798 623 2855 C.
635 2798 750 2864 Plinius,
762 2799 809 2871 qui
819 2797 967 2853 Antonium
975 2798 1095 2864 moueat,

295 2875 368 2931 haud
386 2873 468 2931 facile
480 2874 668 2930 discreverim:
689 2874 743 2930 nisi
761 2872 835 2946 quod
852 2890 941 2946 neque
959 2871 1098 2931 Antonius

295 2968 382 3025 neque
397 2951 511 3007 Hormus
526 2968 541 3005 a
556 2948 627 3006 ianm
640 2950 748 3021 utaque
760 2965 819 3014 sua,
838 2949 965 3020 quamvis
973 2948 1100 3019 pessimo
