2559 3692
975 267 1157 274 -—-—.-.—,

198 436 324 508 Ledo.)
425 445 492 492 ΜΒ.
512 446 531 492 L
553 445 632 494 OAP.
653 444 775 494 et-te.
965 443 999 497 tt

197 545 329 620 praeibua
347 543 424 602 dudit
439 545 562 620 mitigati.
582 545 616 602 ab
627 546 733 604 em'die
746 547 862 603 niumm
870 553 1000 620 tempera-

198 637 272 676 vere.
315 617 924 692 Caesutamenedquetuormilliahemiuum.
960 623 1001 679 Ie-

197 713 253 769 que
263 692 577 759 terror'Gallieeinvaeit,
589 702 619 750 ut
628 696 746 752 venienti
755 713 819 752 mex
826 696 934 769 agmini
939 697 1000 753 uni-

197 787 294 826 versae
303 769 423 843 civitates
433 786 495 826 eum
505 769 705 843 magistratibus
713 770 1000 845 etpreoihuuoeeurre·

173 879 178 888 ·
198 853 269 911 rent,
285 844 376 900 stratio
391 845 505 916 perviae
520 843 627 901 feminis
637 845 798 917 puerieque;
817 862 942 918 quaerum
951 844 1000 902 elie

200 919 366 992 plemmenta
381 918 487 976 hostilis
501 922 565 983 irae,
580 937 632 976 non
643 919 753 992 quidem
763 920 794 976 iu
802 916 882 986 bello,
893 920 943 976 sed
955 927 1002 991 pro

201 1011 276 1066 paee,
287 993 471 1050 tendebantur.
536 1019 539 1033 .

256 1071 312 1124 et:
322 1069 453 1124 Nuntium
472 1069 507 1124 de
519 1068 598 1124 mede
612 1069 712 1126 Galbae
725 1078 752 1124 et
765 1069 878 1140 imperio
889 1068 1002 1144 chonie
1073 1115 1075 1119 .

201 1143 305 1198 Fabius
314 1141 412 1198 Veiene
426 1144 454 1198 in
464 1144 569 1200 civitate
579 1144 729 1199 Leuourum
737 1145 845 1215 amauit.
869 1145 941 1199 .Nee
950 1145 1003 1200 mi·
1083 1191 1089 1200 .

201 1218 284 1274 litum
299 1218 406 1274 enimus
420 1218 590 1291 ingaudium
604 1226 651 1274 aut
663 1217 832 1274 formidinem
848 1227 999 1290 permotua:
1072 1256 1081 1270 .

200 1292 308 1350 bellum
318 1291 449 1348 volvebat.
473 1291 558 1357 Gallis
566 1296 697 1349 cunetatio
706 1294 910 1364 exempte,etin
920 1293 1003 1350 Otho·

202 1385 268 1424 nem
290 1383 322 1421 ae
341 1365 477 1425 vitellium
496 1366 588 1423 edium
606 1385 664 1439 par.
685 1385 719 1422 er
736 1367 842 1424 Vitellio
852 1376 885 1422 -et
902 1377 1000 1424 metue.

202 1443 331 1504 Proxima
345 1442 496 1515 Lingonum
509 1441 603 1500 ninus
614 1450 680 1507 erat,
693 1442 745 1498 fida
754 1443 884 1514 partibus.
923 1444 1002 1498 Beni·
1061 1448 1063 1451 '

201 1536 258 1592 gne
276 1517 389 1588 excepti,
409 1516 536 1572 modestia
555 1524 700 1586 oertevere;
729 1517 777 1572 aed
796 1515 886 1574 brevis
905 1517 1001 1574 laetitia

202 1594 268 1660 fuit,
275 1591 426 1648 cohortium
438 1592 689 1663 intemperimquaa,
700 1609 716 1645 a
726 1591 828 1664 legione
837 1593 1003 1665 quartadeci-

202 1686 258 1731 ma,
275 1674 306 1721 ut
320 1683 400 1736 supra
414 1666 633 1732 memoravimus,
648 1666 796 1739 digressae,
812 1667 939 1724 exereitui
953 1684 1003 1722 eue

202 1743 307 1798 Fabius
316 1741 414 1796 Valens
423 1740 589 1797 adiunxerat
622 1741 709 1812 Iurgia
720 1741 853 1811 primum:
873 1741 1002 1799 moxrixe

201 1821 275 1874 inter
294 1817 405 1872 Batavos
424 1823 450 1870 et
468 1814 633 1888 legionarios,
654 1814 720 1871 dum
734 1813 779 1870 hie
791 1822 838 1871 aut
849 1813 1002 1870 illiuetudia

201 1892 324 1948 militum
338 1891 525 1964 adgregentur,
540 1905 622 1962 prope
635 1889 663 1946 in
676 1887 807 1960 proelium
818 1905 954 1957 exereerm
974 1890 1003 1944 ni

176 1963 177 1966 ’
201 1966 304 2024 Valens
318 1965 545 2021 animadversione
559 1981 705 2036 paucerum
719 1962 815 2020 oblitea
829 1963 884 2018 iam
893 1963 1003 2020 Batavos

202 2040 316 2113 imperii
324 2041 512 2098 admonuisset.
545 2037 654 2096 Frustra
667 2039 796 2096 adversus
805 2037 911 2094 Aeduos
920 2053 1004 2110 quae-

203 2118 254 2172 sita
265 2115 332 2170 belli
341 2132 444 2170 caussa.
482 2115 553 2172 lutei
564 2115 706 2186 pecuniam
718 2122 798 2186 atque
805 2131 880 2170 arma
890 2111 1001 2179 deferre,

202 2192 334 2264 gratuitos
352 2190 463 2262 insuper
476 2197 638 2248 commeatus
653 2189 811 2260 praebuere:
830 2186 904 2260 qued
917 2187 1002 2244 Aedui

202 2265 358 2330 ior-midine,
368 2264 560 2338 Lugdunenses
570 2264 668 2336 gaudio
676 2263 771 2322 tenere.
809 2261 1005 2337 SedIegiolta·

202 2340 256 2396 lioa
272 2347 297 2394 et
311 2338 623 2398 elaTaurinaabduetae.
663 2338 801 2396 Cohortem
820 2337 1004 2395 duodevicesi-

203 2433 279 2472 mam
293 2413 429 2486 Lugduni,
450 2413 535 2470 solitis
548 2413 601 2470 eibi
611 2413 744 2478 hibernia,
756 2413 884 2485 relinqui
892 2411 1002 2485 placuit.

203 2489 323 2546 Manlius
338 2488 445 2552 Veiens,
461 2487 682 2562 legatueitalieae
698 2487 819 2570 legionis,
836 2502 1001 2559 quamquem

203 2566 273 2620 bene
283 2564 317 2620 de
327 2564 447 2635 pertibus
457 2565 577 2630 meritus,
591 2562 666 2619 nulio
675 2563 747 2635 apud
756 2561 1004 2622 Vitelliumhonore

202 2639 265 2696 iuit.
306 2637 417 2694 stereus
428 2650 489 2694 eum
501 2639 733 2696 criminationibus
741 2636 915 2694 infamaverat
923 2636 1005 2692 Fabi-

203 2733 250 2844 Ἐέ
261 2715 396 2788 ignarum,
406 2723 443 2779 εις
454 2731 508 2786 quo
518 2714 648 2770 incautior
657 2713 832 2785 deciperetur,
845 2709 934 2784 palam
945 2711 1004 2775 lau-

157 2799 160 2808 “
250 2807 308 2846 um.
338 2795 370 2814 '⁸'
722 2811 728 2822 ·

261 2866 304 2918 65.
333 2861 453 2918 Veterem
477 2863 545 2918 inter
569 2861 763 2935 Lugdunenses
784 2860 1004 2929 Viennenseoque

204 2935 367 2994 ffisoordiam
376 2936 529 3008 proximum
540 2935 641 2994 beilum
653 2935 813 2993 aooeuderat.
852 2932 952 3009 Multae
961 2921 1005 2985 in'-
