2559 3692
299 448 346 501 tlt
535 451 868 499 ursronrsnuu
959 443 1097 517 (ur-maa.

297 556 344 611 bus
356 557 481 617 edomate
492 556 626 609 distectum
637 553 735 607 Vitellis·
743 556 834 607 crtum
872 553 946 607 Duco
956 561 1019 608 tuuc
1026 554 1099 609 Poc-

296 633 405 684 uooteoc
417 646 450 683 cc
460 628 589 685 Moesicae
602 630 662 683 otoo
668 644 811 695 perrupere
819 630 929 682 bostem:
948 644 1020 683 nunc
1029 630 1100 684 XVI

296 706 402 759 olorum
421 708 559 759 coniuncta
575 706 653 772 siquo
667 704 748 770 pulsu
766 706 902 771 sonituque
920 710 945 755 et
957 706 1025 758 nube
1040 708 1099 777 ipso

297 783 412 847 operum
434 794 468 833 oc
497 780 682 847 superfundent
703 778 795 831 oblitos
813 780 975 845 proeliorum
1000 782 1099 847 equites

297 870 431 923 equosque.
470 852 530 909 Not
548 856 607 921 quis
624 855 730 915 retinet,
755 854 822 905 idem
842 868 937 907 suoacr
954 862 1099 923 auctorque

297 931 462 982 ematlttero.
497 926 553 989 Vos,
562 928 658 995 'quibus
665 931 773 996 {ortano
782 929 810 981 tu
818 930 920 995 tuteqro
928 928 1099 996 eugepium

298 1006 437 1057 continete:
455 1003 520 1056 mtlu'
531 1004 667 1069 aspectus
680 1002 796 1055 cobortes
807 1004 945 1071 crucem.
983 1002 1045 1057 Iam
1056 1020 1099 1062 rr-

296 1075 534 1139 ercombertum,
546 1077 665 1143 inpulsos
679 1076 775 1129 Vitellis·
783 1092 827 1130 ree
834 1080 956 1131 cucutia.
993 1077 1100 1135 remur

296 1154 370 1221 acqui
380 1158 405 1204 ct
413 1152 528 1219 mttqtts
539 1154 665 1205 vincentis
676 1153 803 1205 instatere.

353 1262 379 1313 3.
398 1258 468 1312 Haec
477 1265 556 1330 atque
565 1257 636 1323 talia¹
647 1256 762 1331 flagrans
771 1256 866 1322 oculis,
877 1258 946 1312 truci
956 1274 1032 1325 voce,
1043 1278 1099 1331 quo

298 1332 378 1389 latius
387 1332 532 1397 audiretur,
548 1334 656 1406 (etenim
666 1333 871 1387 seoenturiones
885 1341 912 1387 et
921 1333 1036 1403 quidam
1046 1337 1099 1389 mi-

268 1398 272 1407 ’
298 1407 376 1462 litum
386 1405 496 1463 consilio
506 1406 677 1480 miscuerant)
690 1408 727 1461 ita
736 1406 837 1472 ebullit,
848 1414 879 1461 ut
887 1416 977 1463 cautos
987 1426 1098 1482 quoquc

298 1500 329 1537 ac
342 1482 467 1553 providos
480 1488 655 1553 permoveret,
670 1480 770 1554 vulgus
784 1489 810 1536 ct
818 1482 896 1536 ceteri
908 1499 995 1539 unum
1006 1485 1096 1539 virum

298 1556 457 1629 ducemque,
479 1564 566 1627 spreta
580 1555 693 1611 aliorum
708 1557 830 1630 segnitia,
850 1556 976 1611 laudibus
988 1556 1096 1615 ferrent.

297 1630 372 1685 llano
394 1632 438 1685 sui
461 1629 560 1685 famam
586 1648 616 1685 ea
640 1633 729 1686 statim
755 1632 880 1687 concione
907 1644 1097 1700 commoverat,

256 1711 258 1716 “
298 1722 362 1778 qua,
382 1707 497 1761 recitatis
510 1707 667 1779 Vespasiani
686 1705 815 1778 epistolis,
835 1722 899 1771 non,
918 1714 949 1761 ut
962 1705 1096 1781 plerique,

298 1782 397 1836 ineerta
414 1780 550 1851 disseruit,
571 1782 626 1837 hue
644 1782 710 1837 illuc
723 1790 856 1836 tracturus
871 1782 1097 1853 interpretatione,

297 1863 377 1929 prout
391 1857 573 1927 conduxisset3
595 1864 684 1929 aperte
697 1856 866 1911 descendisse
878 1856 907 1911 in
922 1873 1047 1912 caussam
1056 1861 1099 1913 vi-

298 1931 423 1988 debatur:
445 1950 529 2005 eoque
541 1932 640 2005 gratior
654 1930 786 1987 militibus
801 1939 865 1997 erat,
881 1930 975 2003 culpae
987 1932 1031 1987 vel
1040 1933 1099 2007 glo·

297 2024 459 2063 massonus.
660 2017 665 2026 ‘

354 2130 378 2181 t.
399 2125 522 2180 Proxima
534 2121 650 2179 Cornelii
661 2124 742 2179 Fusci
757 2125 934 2195 procuratoris
942 2127 1097 2182 auctoritas.

297 2202 323 2255 ls
333 2217 451 2271 quoque,
462 2198 673 2260 inclementerin
682 2198 820 2255 Vitellium
832 2199 925 2256 invehi
934 2202 1040 2267 solitus,
1055 2202 1100 2257 ni·

297 2274 336 2347 hil
355 2276 413 2345 spei
427 2274 480 2329 sibi
495 2274 563 2329 inter
576 2273 687 2330 adversa
699 2273 851 2347 reliquerat.
889 2276 912 2337 ,Τ
913 2276 967 2331 itus
979 2275 1098 2348 Ampius

297 2348 453 2414 Flavianus,
473 2356 567 2404 natura
586 2366 618 2405 ac
635 2357 740 2405 senecta
757 2356 905 2422 cunctator.
921 2350 1098 2422 ‚suspiciones

297 2422 416 2478 militum
435 2424 572 2490 inritabat,
594 2432 732 2497 tamquam
750 2424 894 2481 adfinitatis
912 2443 975 2481 cum
989 2425 1099 2482 Vitellio

297 2499 477 2557 meminisset:
497 2498 633 2572 idemque,
648 2499 731 2571 quod,
746 2507 881 2572 coeptante
891 2500 1027 2574 legionum
1038 2519 1100 2557 mo-

296 2582 336 2639 tu,
352 2572 492 2647 profugus,
508 2573 570 2629 dein
584 2583 678 2646 sponte
686 2582 857 2641 remeaverat,
871 2575 997 2647 perfidiae
1006 2575 1098 2631 locum

297 2648 436 2720 quaesisse
450 2648 613 2721 credebatur.
651 2650 721 2703 Nam
734 2649 903 2716 Flavianum,
916 2652 1018 2718 omissa
1026 2651 1099 2707 Pan-

297 2723 386 2789 nonia,
407 2724 559 2796 ingressum
578 2722 695 2789 ltaliam,
715 2731 741 2779 et
758 2724 909 2780 discrimini
927 2733 1098 2799 exemptum,

296 2815 388 2853 rerum
402 2814 532 2854 novarum
547 2797 646 2871 cupido
656 2798 736 2874 legati
744 2816 842 2855 nomen
851 2818 995 2867 resumere,
1007 2803 1100 2857 atmi-
1158 2847 1159 2864 ,

297 2874 366 2927 sceri
385 2872 513 2930 civilibus
532 2874 628 2938 armis,
652 2872 798 2944 inpulerat:
829 2875 955 2931 suadente
972 2874 1100 2933 Cornelio
1158 2869 1159 2910 ἶ

234 3016 243 3035 .
297 2947 399 3017 Fusco3
420 2965 487 3015 non,
507 2949 571 3021 quic
584 2947 717 3011 industria
731 2949 854 3006 Flaviani
872 2950 977 3023 egebat,
999 2951 1049 3007 sed
1069 2959 1101 3007 ut
