2559 3692
388 452 594 499 nlnuoeus.
616 453 695 499 GAP.
714 453 758 498 25.
780 454 820 501 2⁶.
944 451 1003 504 1325

204 552 281 609 ribus
291 552 502 625 etlsequentibns
514 560 719 625 anteponuntur.
758 554 813 609 Nec
822 553 910 621 refert,
929 556 1004 628 qnod

189 630 311 686 'intense
320 629 410 699 specie
420 627 550 693 differant,
563 645 625 683 cum
635 626 731 700 genere
740 629 914 683 consentiant.
947 628 1004 686 rid-

203 702 317 758 strrutior
328 701 438 767 Calvus,
453 703 619 759 numerosior
628 701 750 767 Asinius,
765 702 929 775 splendidior
938 702 1004 759 Cae-

198 795 257 843 sar,
274 778 394 832 ,amarior
407 776 523 843 Coelius,
541 778 649 851 gravim
660 777 768 843 Brutus,
788 778 970 834 vehementior
977 786 1004 833 et

201 851 307 925 plenior
317 859 343 906 et
353 851 481 908 valentior
490 852 593 922 Cicero3
608 853 922 908 omnes-tomeneandem
931 854 1004 907 sani-

202 934 283 982 tatem
293 925 460 999 eloquentiae
469 925 570 996 ferunt3
591 934 631 993 ut,
646 926 806 984 sicmninm
814 927 911 999 pariter
921 926 1003 983 libros

202 1004 234 1057 in
242 1018 355 1072 menum
364 1002 525 1073 sumpseris,
536 1002 616 1067 scias,
629 1003 796 1074 quamuis'in
803 1003 919 1059 diversis
928 1003 1004 1075 inge-

203 1076 268 1141 uiis,
289 1076 492 1149 essequandam
502 1076 595 1131 iudicii
605 1076 786 1132 aovolnntatis
798 1076 1003 1144 similitudinem

203 1159 229 1207 et
239 1152 432 1225 cognationem.
457 1150 526 1205 Nam
536 1150 609 1221 quod
619 1151 1003 1217 invicemsecbtreetaverunt,

128 1254 129 1281 r
200 1226 240 1291 let
248 1234 394 1297 supersunt
403 1226 494 1297 aliqua
504 1224 622 1296 epistolis
632 1241 725 1279 eorum
734 1227 843 1291 inserta,
857 1241 891 1281 ex
902 1226 1004 1299 quibus

201 1308 300 1357 mutuo
315 1299 467 1373 malignitas
481 1297 622 1373 detegitur)
636 1316 690 1354 non
704 1306 883 1355 estoratorum
893 1302 1001 1367 vitium,

205 1375 255 1431 sed
268 1374 419 1431 hominum.
457 1375 526 1429 Nam
541 1381 567 1429 et
580 1372 695 1429 Calvum
709 1372 869 1430 etrlsiriiurn
878 1375 1004 1447 etipsum

128 1474 129 1505 r
206 1449 360 1507 Ciceronem
374 1448 451 1505 credo
464 1448 555 1505 solitos
569 1456 595 1503 et
610 1447 732 1503 invidero
743 1458 769 1503 et
782 1447 864 1505 livere
877 1457 903 1504 et
910 1451 1004 1505 ceteris

204 1524 517 1581 humanae..iufirmitatis
530 1524 604 1579 vitiis
614 1522 706 1579 adfici:
727 1522 815 1579 solum
825 1524 1005 1581 interhosar-

204 1600 289 1657 bitror
300 1600 413 1655 Brutum
423 1616 477 1655 non
486 1599 651 1672 malignitate
661 1615 711 1655 nec
719 1597 835 1663 invidia,
842 1598 892 1653 scd
900 1600 1006 1671 simpli-

204 1676 270 1731 citer
280 1682 305 1730 et
312 1676 439 1749 ingenue,
450 1674 582 1730 iudicium
592 1674 677 1729 animi
686 1673 731 1728 sui
742 1673 883 1729 detexisse.
908 1674 951 1729 An
960 1673 1006 1729 ille

206 1750 328 1807 Ciceroni
347 1749 486 1815 invideret,
507 1750 557 1820 qui
576 1748 645 1805 mihi
658 1747 765 1814 videtur
779 1748 1007 1819 neCeesariqui-
1074 1819 1077 1824 ἱ

204 1826 268 1881 dem
288 1823 436 1881 invidisse?
462 1823 541 1891 Quod
552 1823 587 1879 od
599 1822 656 1878 Ser.
671 1822 785 1879 Galbam
803 1832 829 1877 et
842 1822 872 1879 C.
884 1822 1005 1878 laelium

205 1898 316 1966 adtinet,
330 1908 356 1955 et
369 1901 394 1957 si
408 1916 476 1972 quos
491 1898 557 1955 elios
570 1900 743 1971 antiquorum
753 1898 853 1972 agitare
861 1897 1006 1953 noudesti-

204 1976 251 2044 ,τῆς
272 1992 326 2031 non
341 1976 425 2049 exigit
437 1972 613 2041 defensorem,
629 1972 795 2039 semineces,
810 1972 942 2045 quaedum
952 1971 1007 2027 elo·

204 2052 332 2180 qufflae
344 2051 447 2117 eorum,
467 2058 498 2105 ut
512 2048 738 2116 nascentiadhuc,
759 2066 808 2105 nee
814 2048 881 2104 satis
889 2046 1004 2114 adultae,

260 2202 305 2258 26.
327 2198 448 2257 Ceterum
459 2200 493 2267 si,
505 2198 715 2271 omissooptimo
723 2197 770 2253 illo
779 2206 805 2253 et
813 2198 1005 2270 perfectissimo

203 2292 304 2351 genere
316 2274 491 2348 eloquentiam
512 2274 633 2349 eligenda
644 2276 680 2329 sit
688 2273 773 2329 forma
781 2274 896 2339 dicendi,
911 2274 1006 2331 malim

203 2349 319 2407 Hercule
328 2350 357 2407 C.
366 2351 479 2407 Gracchi
489 2352 610 2423 inpetum
620 2358 666 2405 eut
674 2348 706 2404 L.
717 2348 807 2405 Crasu
816 2350 1003 2425 maturitatem,

205 2442 290 2499 mam
303 2425 468 2493 calamistros
481 2426 650 2490 Maecenatis,
670 2432 717 2480 aut
732 2424 845 2481 tinniens
859 2423 1003 2481 Gallionis:

205 2502 270 2557 adeo
280 2500 379 2557 melius
388 2510 437 2567 est,
449 2510 577 2559 oratorem
588 2499 630 2577 pel
640 2499 710 2555 hirta
719 2507 779 2573 toga
788 2500 909 2564 induere,
922 2513 1006 2571 quam

204 2576 303 2632 fucatis
317 2583 343 2633 et
355 2574 512 2633 meretriciis
520 2576 641 2633 metibus
647 2574 791 2649 insignire.
827 2576 924 2647 Neque
930 2573 1006 2628 ‘enim

204 2652 337 2708 oratorius
346 2651 406 2717 iste¹
417 2652 510 2717 immo,
521 2650 645 2716 Hercule,
656 2668 691 2705 ne
699 2650 786 2706 virilis
796 2650 907 2722 quidem
913 2646 1006 2721 cultus

205 2732 260 2792 est,
287 2740 342 2799 quo
364 2726 488 2798 plerique
510 2733 661 2797 temporum
682 2732 834 2781 nostrorum
850 2732 950 2779 actores
969 2723 1006 2777 ita

204 2808 330 2865 utuntur,
347 2808 379 2859 ut
392 2800 502 2855 lasciuia
507 2800 654 2856 ¹teritorum
666 2808 692 2855 et
701 2800 807 2855 levitate
814 2800 1006 2856 sententiarum

204 2883 231 2930 et
242 2866 348 2931 lio‘entia
358 2876 556 2947 compositionis
565 2860 736 2932 nisnrooalei
741 2874 837 2932 modos
844 2873 1004 2945 exprimant.

205 2949 342 3023 Quodque
348 2950 397 3007 uix
406 2951 499 3007 auditu
509 2949 548 3007 las
558 2966 618 3007 esse
626 2948 729 3018 debeat,
741 2949 830 3006 laudis
839 2956 865 3005 et
872 2946 972 3022 gloriae
979 2954 1007 3001 et
