2559 3692
208 414 341 487 aava)
433 422 512 469 urs.
532 422 564 470 v.
584 424 672 504 cae.
693 420 779 473 aa-s.
955 422 1001 475 est

207 522 576 600 eteontinuumsexdierum
586 523 636 579 iter
650 525 761 589 emensi,
783 526 904 597 septimo,
919 525 1006 597 pulsis

207 597 369 663 oultoriltus¹
383 597 522 660 obtinuere
534 604 626 664 terras,
641 598 671 655 iu
686 599 748 670 quis
763 598 829 654 urbs
843 608 868 655 et
874 600 1006 672 templum
1057 606 1063 625 '

139 681 143 685 “
207 673 307 729 dicata.

268 751 293 804 t.
312 748 428 821 Moyses,
444 763 499 819 qno
511 736 564 800 sihi
577 747 606 801 in
617 754 754 818 posterum
764 758 869 822 gentem
880 747 1005 815 firmaret,

207 839 295 878 nevos
313 823 382 877 ritus
399 820 597 893 contrariosque
614 822 708 877 ueteris
726 822 882 881 mortalibus
899 822 1005 879 indidit.

207 897 322 954 Prniana
333 896 388 951 illic
395 896 495 961 omnia,
503 897 577 969 'quae
585 896 657 967 apud
664 914 715 952 nos
725 914 812 953 saura:
826 916 936 954 rursum
945 916 1008 954 uon-
1074 956 1079 971 ι

208 970 444 1043 eeesaepudiilos‚
458 970 732 1043 quaenobisincesta.
770 970 1009 1047 Effigiemanime-

208 1047 317 1121 iisque
325 1054 487 1104 monstrante
496 1062 611 1101 errorem
619 1047 747 1119 sitimque
755 1046 919 1120 depulerant,
927 1064 1008 1118 pene-

208 1120 272 1177 trali
290 1137 441 1177 sacravere:
471 1136 546 1176 meso
567 1122 661 1187 ariete,
681 1116 754 1177 vehit
772 1122 801 1177 in
819 1120 1006 1183 contumeliam

208 1197 378 1252 Hammonis.
415 1196 468 1249 Bos
485 1212 594 1267 qnoque
610 1192 764 1262 inmolatur,
784 1214 866 1269 quem
882 1196 1008 1270 Aegyptii

208 1273 285 1343 Apin
293 1269 393 1327 uolunt.
415 1268 469 1323 Sne
478 1268 619 1333 abstinent,
631 1272 758 1325 memoria
767 1271 859 1338 cladis,
870 1288 924 1344 qua
934 1272 1007 1343 ipsos

208 1345 317 1402 sithies
330 1343 467 1416 quondam
476 1351 636 1413 turpaverat.
651 1344 695 1397 eui
705 1344 733 1397 id
742 1346 839 1401 animal
849 1346 1005 1402 obnoxium.

210 1422 333 1493 Longam
348 1417 413 1474 olim
427 1416 524 1471 famem
537 1417 638 1472 crebris
655 1417 742 1473 adhuc
757 1419 865 1476 ieiuniis
877 1420 1005 1479 fatentur:

214 1503 239 1549 et
249 1496 383 1566 raptarum
394 1491 502 1566 frugum
512 1500 699 1565 argumentum
708 1494 1007 1565 panisludaicus,¹nullo

214 1568 351 1633 fermento,
360 1568 462 1631 retinet.
483 1565 600 1637 Septimo
608 1566 653 1623 die
661 1568 745 1623 otium
755 1569 896 1640 placuisse,
904 1568 1005 1629 ierunt:

216 1640 402 1716 quiaisiinem
411 1640 532 1697 laborum
541 1640 646 1697 tulerit:
666 1640 1006 1730 deimhlandienteinertie,

214 1718 853 1864 diffiditffiitittiiiiiii
872 1718 1009 1867 diod?

215 1866 379 1936 tradentibus
391 1864 486 1933 idaeis,
502 1882 570 1937 quos
584 1882 647 1921 cum
660 1864 773 1923 Saturno
782 1866 874 1939 pulsos
884 1876 909 1921 et
918 1866 1009 1923 eondi-

215 1952 283 1999 tores
296 1942 383 2016 gentis
392 1936 553 2012 amepimus,
568 1956 617 1996 seu
627 1940 701 2013 quod
709 1940 742 1997 de
752 1950 854 2014 septem
863 1942 1006 2007 sideribus,

215 2015 409 2090 qnismortales
418 2024 556 2089 reguntur,
564 2014 695 2071 altissimo
703 2017 767 2072 orbs
776 2026 802 2073 et
809 2018 951 2089 praecipua
960 2032 1009 2089 po-

215 2093 305 2155 tentia,
324 2090 400 2147 stella
414 2090 522 2145 Saturni
535 2089 647 2147 ierntur:
668 2108 698 2145 ac
715 2091 1007 2164 pleraquecaelestium

213 2168 271 2223 vim
281 2184 358 2222 suam
373 2173 399 2220 et
406 2182 517 2221 cursum
530 2165 657 2237 septimos
666 2182 714 2237 per
723 2184 848 2223 numeros
858 2166 1005 2223 conficiant.

267 2245 294 2297 5.
314 2241 436 2306 Hiritus.
456 2256 565 2312 quoquo
573 2238 652 2297 modo
661 2240 772 2308 inducti,
794 2242 947 2315 antiquitate
960 2242 1008 2298 de·

211 2316 367 2373 ienduntur.
406 2314 497 2371 Cetera
514 2315 635 2371 instituta
659 2315 766 2372 sinistra
787 2316 861 2373 foeda
880 2312 1007 2390 pravitate

212 2391 330 2447 siluere.
369 2390 437 2445 Nam
446 2391 581 2462 pessimus
590 2390 716 2463 quisque,
728 2394 823 2464 spretis
832 2391 1006 2467 religionibus

210 2467 317 2539 pariis,
337 2465 435 2521 tributa
454 2471 481 2520 et
494 2467 584 2537 stipes
594 2464 660 2521 iiiuc
672 2466 809 2539 gerebant:
830 2466 902 2523 unde
915 2474 1007 2522 auume

210 2541 372 2597 Iudaeorum
385 2558 438 2607 res,
454 2548 480 2595 et
493 2541 558 2612 quin
568 2540 640 2611 apud
648 2541 720 2611 ipsos
729 2541 795 2597 fides
804 2542 944 2605 obstinata,
954 2541 1008 2595 mi-

210 2615 830 2687 serimrdininpromptu‚s‘edadversusomnes
836 2614 1007 2672 alioshostile

211 2691 315 2747 o'dium.
354 2689 471 2761 Separati
484 2690 581 2762 epuiis,
596 2689 703 2746 discreti
714 2690 859 2757 cubilibus,
870 2690 1008 2763 proiectis·

214 2765 335 2823 simnad
353 2763 492 2832 libidinem
505 2767 585 2837 'gens
600 2762 747 2821 alienarum
765 2766 907 2827 ooneubitu
925 2764 1008 2819 absti—

214 2849 291 2908 nent3
309 2837 493 2894 intersenihil
503 2837 646 2894 inlicitum.
676 2840 870 2896 circumcidere
882 2837 1007 2913 genitaiie

214 2911 361 2980 intinere,
382 2920 413 2970 ut
428 2906 580 2970 dinisius
593 2922 756 2985 *noeentum-
789 2913 959 2988 transgressi
977 2912 1006 2966 in
