2559 3692
272 444 323 498 sos
487 443 838 519 nrsroumnun
937 405 1066 511 (nem

273 554 338 606 bono
349 558 405 615 esse
418 552 506 605 animo
516 548 600 614 iubet,
621 550 735 618 belloque
749 552 871 604 sturmis
890 550 1079 616 rempublicam

272 628 412 681 adtollm:
429 627 481 679 eibl
491 638 584 692 pacem
596 626 750 692 domumque
761 638 841 677 curae
849 628 913 695 sore.
952 623 1025 677 Tum
1036 640 1079 679 oe·

272 699 396 755 lerrimas
405 698 527 763 navium,
543 696 677 771 frumento
686 704 805 763 onustas,
819 712 899 753 saevo
909 696 998 752 adhuc
1009 694 1077 753 mari

273 774 423 831 committit.
462 772 569 845 Quippe
580 779 653 827 muto
667 771 823 827 discrimine
834 772 900 826 urbs
915 772 1037 837 nutabat,
1048 784 1079 827 ut

255 854 262 863 ‘
273 850 365 905 decem
378 846 452 903 haud
461 847 579 918 emplius
587 846 693 902 dierum
704 846 869 901 frumentum
879 846 909 911 in
919 845 1079 905 borreisfu-

274 926 333 990 erit,
343 940 406 979 oum
417 922 605 993 avespusieno
614 927 778 977 commeatus
790 921 948 976 subvenere.

327 1002 371 1054 53.
391 997 491 1053 Curam
514 996 671 1052 restituendi
690 996 813 1067 Capitolii
831 997 860 1050 iu
881 996 912 1051 L.
933 996 1076 1053 Vestinum

273 1072 382 1138 confert,
398 1072 531 1143 equestrm
543 1070 645 1126 ordinis
655 1072 755 1137 virum,
770 1070 818 1147 sed
828 1072 982 1127 auctoritate
992 1071 1078 1128 fuma-

273 1165 328 1221 que
337 1149 405 1203 inter
413 1162 545 1218 proceres.
585 1145 668 1201 Abeo
677 1146 802 1201 contracti
811 1146 968 1217 haruspices
979 1164 1078 1203 mouu-

273 1239 327 1288 ero,
347 1228 379 1276 ut
391 1218 521 1293 reliquiae
534 1221 632 1293 prioris
641 1218 747 1276 delubri
761 1222 789 1275 in
803 1219 916 1292 paludes
930 1222 1078 1277 eveheren-

273 1307 331 1352 tur:
351 1294 483 1367 templum
497 1296 593 1351 iisdem
603 1297 725 1369 vestigiis
740 1296 886 1351 sisteretur.
925 1294 1003 1353 Nolle
1013 1297 1077 1354 deos

273 1367 502 1427 muteri'veterem
516 1370 639 1426 formam.
680 1369 826 1426 Undecimo
838 1370 897 1425 Kal.
910 1370 993 1427 iulias
1003 1390 1076 1428 sero-

273 1464 307 1501 na
323 1434 382 1500 lube
397 1444 514 1517 spatium
528 1462 618 1510 omne,
638 1441 711 1518 quod
720 1445 822 1517 templu
828 1444 975 1513 dicabatur,
998 1449 1076 1503 evin*

273 1530 346 1575 ctum
362 1521 434 1575 vittis
447 1522 615 1593 coronisque.
655 1521 772 1593 Ingressi
785 1518 893 1586 milites,
913 1521 979 1593 quis
988 1521 1075 1577 fauste

273 1596 391 1661 nomina,
404 1594 528 1650 felicibus
543 1596 635 1650 ramis.
675 1595 741 1649 Dein
753 1595 872 1669 virgines
882 1593 1003 1652 Vestales
1013 1616 1076 1653 cum

223 1658 235 1677 ⁶
272 1671 364 1743 pueris
378 1669 532 1743 puellisque
543 1670 667 1743 patrimis
681 1670 868 1743 matrimisque
882 1688 961 1744 aqua,
978 1672 1077 1728 rivise

272 1746 391 1802 fontibus
400 1746 581 1819 amnibusque
590 1746 695 1811 hausta,
706 1743 837 1817 perluere.
859 1745 1077 1813 'fumiielvidius

272 1822 387 1891 Priscus,
399 1828 512 1893 praetor,
532 1828 675 1893 praeeunte
691 1820 794 1875 Plaude
808 1818 917 1875 Aeliano
938 1823 1074 1894 pontifice,

272 1896 383 1952 lustrata
392 1895 691 1952 suovetaurilibusarea
701 1902 726 1950 et
735 1912 816 1967 super
826 1896 953 1967 cespitem
963 1897 1075 1953 redditis

272 1972 351 2037 extis,
362 1972 462 2037 lovem,
474 1970 979 2043 Iunonem,Minervam-praesidesque
988 1970 1076 2045 impe-

177 2044 182 2051 '
272 2048 307 2101 rii
325 2046 388 2102 deos
407 2052 539 2117 precatus,
559 2044 601 2098 uti
619 2052 708 2116 coepta
725 2052 920 2117 prosperarent,
942 2040 1089 2119 sedesque

254 2112 348 2186 ,suae
366 2120 462 2191 pietate
476 2120 619 2174 homiuum
630 2118 776 2185 inchoatas,
799 2120 891 2174 divina
905 2136 955 2191 ope
965 2119 1076 2177 adtolle-
1142 2170 1143 2190 ,

272 2202 341 2265 rent,
358 2195 446 2260 vittas,
467 2195 531 2267 quis
544 2193 642 2267 ligatus
656 2194 724 2265 lapis
740 2194 887 2267 innexique
901 2194 979 2249 funes
989 2194 1091 2261 eraut'
1142 2208 1143 2213 ’

271 2269 391 2342 contigit.
431 2268 518 2326 Simul
531 2269 611 2324 ceteri
620 2270 795 2343 magistratus
805 2277 831 2324 et
839 2269 987 2325 secerdotes
997 2279 1024 2325 et
1034 2288 1076 2326 se·

272 2351 352 2400 natus
362 2348 388 2397 et
396 2358 479 2414 eques
488 2342 515 2398 et
524 2360 620 2418 magns
634 2360 697 2415 pars
707 2342 810 2416 populi,
823 2344 912 2399 studio
922 2343 1075 2419 laetitiaque

272 2418 508 2483 connixisaxum
523 2418 620 2491 ingens
633 2426 745 2473 traxere.
785 2419 944 2491 Passimque
961 2420 1076 2476 iniectae
1109 2422 1112 2429 ’

271 2492 454 2559 fundamentis
467 2494 569 2567 argenti
583 2493 697 2565 aurique
707 2494 789 2565 stipes
805 2492 1008 2567 etmetallorum
1019 2498 1075 2568 pri·

272 2570 378 2632 mitiae,
403 2566 487 2621 nullis
506 2567 659 2623 fornacibus
679 2569 774 2634 victae,
798 2568 846 2624 sed
864 2575 895 2624 ut
912 2570 1072 2645 gignuntur.

272 2642 429 2712 Praedixere
438 2641 604 2714 haruspices,
618 2658 653 2695 ne
662 2649 834 2699 temeraretur
841 2660 911 2716 opus
920 2661 990 2701 saxo
997 2662 1074 2701 auro-

271 2731 315 2782 re,
331 2718 361 2772 in
375 2714 449 2771 uiidd
461 2717 601 2773 destinato.
640 2715 759 2772 Altitudo
773 2718 884 2773 aedibus
895 2719 1006 2775 adiecta.
1046 2720 1074 2775 ld

273 2791 364 2871 solum
375 2788 469 2864 religio
483 2790 609 2861 adnuere.
648 2790 682 2846 Et
690 2792 788 2863 prioris
796 2791 890 2864 tempii
900 2794 1073 2867 magnificen-

272 2864 451 2922 tieedefuisse
460 2866 600 2921 creditum.

327 2943 371 2997 bl.
387 2939 488 3001 Audita
498 2942 605 2999 interim
614 2958 663 3014 per
673 2940 773 2997 Gallias
779 2940 992 3015 Germaniasque
1003 2960 1073 2999 mors
