2559 3692
147 447 303 549 (inest
328 478 640 529 consenesce.
661 478 782 526 arr-22.
897 452 953 533 bas

147 600 197 639 am
210 581 312 638 emm
320 580 382 653 paci
391 577 580 648 circumdffln
599 592 681 651 quae,
692 578 735 636 vel
746 581 850 639 incutit
861 580 904 641 vel
914 590 955 641 tc-
997 625 1000 634 .
1028 578 1029 581 ’

146 657 262 713 lernntit
272 652 486 727 priorum,baud
493 653 585 709 minus
593 668 677 726 quam
687 652 789 713 bellum
800 656 951 714 timebatur.

146 731 203 787 Sed
219 730 268 786 ubi
282 737 369 785 aenas
383 727 500 793 advenit,
515 736 646 785 cenbaete
655 730 782 795 exercitu,
796 730 914 789 militum
924 734 954 789 in

146 807 261 879 agmine
269 804 379 861 laudare
388 802 555 868 modestiam,
565 802 689 862 disiectos
700 821 832 861 coercere:
845 804 901 863 lece
910 822 955 862 ea-

146 882 215 937 stris
228 881 288 951 ipse
300 895 409 950 cepere:
429 877 561 933 aestuaria
574 895 605 933 ac
614 878 697 935 silves
707 879 766 951 ipse
775 889 951 951 praetentare:

146 966 174 1011 et
189 954 261 1011 nihil
271 954 384 1023 ¹interim
398 951 470 1024 cpud
480 952 570 1007 hostes
579 954 702 1025 quietum
712 954 777 1025 pati,
797 970 852 1027 quo
861 956 953 1013 minus

146 1029 251 1085 subitis
260 1027 420 1085 excursibus
430 1026 614 1099 popularetur:
636 1036 726 1101 atque,
737 1029 785 1085 ubi
793 1032 858 1088 satis
867 1039 954 1089 terru-

145 1112 220 1170 erat,
250 1102 383 1175 parcendo
403 1119 501 1157 rursus
523 1102 692 1159 inritamenta
717 1105 792 1175 pacis
811 1113 951 1161 ostentare.

144 1179 259 1246 Quibus
273 1177 355 1234 rebus
369 1176 470 1233 multae
480 1178 613 1243 civitates,
628 1194 699 1249 quac
711 1180 740 1241 in
750 1178 828 1235 illum
838 1180 909 1237 diem
919 1198 954 1237 ex

144 1271 239 1327 aequo
248 1260 365 1327 egerant,
372 1252 441 1307 datis
449 1251 601 1318 obsidibus,
611 1252 680 1307 mem
689 1270 810 1335 pospare,
818 1265 844 1310 et
851 1256 953 1326 praesi-

143 1330 202 1387 diis
212 1326 386 1399 castellisque
393 1326 581 1392 occimense,
595 1334 667 1383 tenta
676 1328 776 1384 radone
784 1346 911 1403 crusque,
922 1338 953 1389 ut

143 1403 229 1461 nulla
239 1410 301 1458 ante
309 1402 458 1461 Britanniae
467 1418 537 1459 nova
546 1419 609 1473 pars
617 1400 768 1459 inlacessita
777 1406 918 1461 transierit.

205 1480 252 1534 Ἡ.
273 1475 394 1549 Sequens
405 1477 493 1533 biems
507 1475 693 1533 saluberrimis
710 1477 829 1535 consiliis
843 1480 953 1535 absum·
1044 1480 1052 1493 ‘

142 1562 203 1626 pta.
247 1552 381 1624 Namque,
391 1560 421 1606 ut
429 1552 552 1607 hemines
562 1552 677 1624 dispersi
687 1552 816 1619 ecrudes,
831 1571 914 1627 eoque
923 1556 952 1610 in

143 1627 222 1685 bella
232 1626 333 1704 ieciles,
348 1627 433 1698 quisi
447 1628 534 1683 etutio
543 1644 590 1699 per
599 1626 747 1699 voluptates
757 1628 951 1695 adsuescerent,

144 1703 253 1759 hortari
262 1703 400 1774 privatim,
411 1701 539 1759 adiuvare
547 1701 664 1774 publice,
676 1709 705 1757 ut
714 1700 821 1775 tenpla,
833 1702 897 1769 iure,
905 1704 953 1759 do-

144 1796 215 1834 mus
224 1784 402 1847 exstruerent,
414 1774 545 1833 laudando
554 1784 701 1849 promptos,
714 1785 740 1833 et
749 1778 901 1851 castigando
910 1795 953 1835 sc-

142 1870 228 1928 gnes.
260 1853 300 1908 lte
309 1852 418 1908 benonis
427 1852 568 1909 aemulatio
578 1870 627 1924 pre
636 1853 791 1909 necessitate
801 1861 864 1909 erat.
897 1854 953 1909 lam

143 1938 215 1985 v'ere
224 1928 381 2000 principum
390 1926 459 1985 filios
469 1927 626 1984 liberalibus
635 1928 739 1983 artibus
749 1927 864 1993 erudire,
876 1936 901 1986 et
910 1929 954 1985 in-

141 2001 954 2150 uetustissimis

142 2152 330 2225 cupiscerent.
369 2152 434 2208 lnde
447 2153 525 2209 etiam
539 2152 648 2210 babitus
663 2153 746 2209 nestri
760 2152 849 2209 bonor
863 2159 889 2207 et
900 2152 952 2209 lre-
967 2148 972 2161 “

142 2244 242 2302 quens
256 2234 325 2301 tege.
363 2226 560 2299 Panlletimque
570 2227 722 2283 discessum
736 2226 769 2283 ad
780 2226 952 2285 delinimenta

140 2301 949 2376 vitiorum,pcrticusetbalneaetccnviviorumelegantiem.

141 2380 238 2451 idque
251 2377 324 2449 apud
335 2378 464 2450 inperitus
477 2376 631 2434 humanitus
646 2377 797 2443 vecabatur,
807 2394 880 2441 cuca
889 2395 951 2450 pars

142 2453 291 2511 servitutis
300 2461 379 2509 esset.
450 2469 452 2474 ·
629 2486 634 2493 ·

204 2530 250 2585 22.
272 2527 378 2586 Tertius
391 2528 691 2601 emeditienumannus
698 2544 781 2585 nevas
789 2527 880 2601 gentes
889 2526 953 2599 ape-

141 2604 216 2667 ruit,
228 2604 341 2674 vestratis
350 2618 439 2675 usque
447 2603 481 2659 ad
490 2604 576 2659 Taum
588 2601 729 2677 (aestuario
740 2620 837 2660 nornen
845 2600 894 2675 est)
904 2620 953 2659 nu-

141 2677 281 2735 ticnibus.
320 2675 380 2744 Qua
397 2677 640 2745 formidine-territi
660 2678 764 2743 hostes,
786 2674 952 2749 quemquam

141 2750 332 2811 conflictatum
345 2753 434 2809 saevis
442 2753 644 2825 tempestatibus
652 2751 952 2818 exereitum-lacessere

141 2845 204 2885 nen
217 2827 295 2884 susi:
316 2827 626 2901 ponendisqueinsuper
637 2826 753 2885 castellis
763 2827 880 2899 spatium
890 2826 952 2883 luit.

140 2900 321 2959 adnuebant
329 2904 419 2974 periti,
432 2920 486 2962 nen
496 2902 580 2959 aliurn
589 2902 686 2962 ducem
695 2902 903 2975 opportunitates
913 2898 954 2957 le-

141 2978 536 3054 eorumsrpientiustagtrse:.
544 2975 650 3036 nullum
661 2978 697 3041 ab,
705 2974 825 3052 Agricola
835 2975 952 3047 positum
