2559 3692
331 420 381 467 DB
400 420 613 469 unanima,
634 422 715 469 CAP.
735 422 857 469 att-27.
942 419 993 473 259

192 521 582 594 nm,autpeoortsautvestis,
598 521 739 589 utentem,
750 520 881 597 iniungitz¹
902 533 928 580 et
935 543 993 583 ser·

191 616 246 656 vus
265 598 393 653 haetenus
406 603 490 668 peret
529 594 621 651 Cetera
635 596 733 652 domus
746 596 833 653 officia
842 616 910 655 uxor
918 618 950 656 no
959 600 993 657 ii-

191 674 251 731 beri
269 678 463 745 exsequuntur.
500 671 644 727 Verbernre
662 689 771 727 servum
790 690 820 729 ae
837 675 953 730 vinculis
968 686 993 731 et

191 766 271 822 opere
281 763 409 812 merome,
425 762 526 801 rerum.
565 744 690 801 Occidere
700 746 794 813 solent,
808 764 861 803 non
871 749 993 821 discipli-

193 842 228 881 uu
242 832 268 879 et
277 823 427 887 severitate,
450 821 498 876 sed
511 824 603 892 inpetu
618 829 644 875 et
657 822 706 888 ira,
726 829 757 877 ut
765 823 917 891 inimicum,
930 828 992 897 ¹uisi

192 898 265 971 quod
274 899 386 969 inpune.
418 894 519 951 Liberti
528 914 583 951 non
591 895 708 951 muitum
720 913 801 968 supra
811 915 902 955 servos
911 909 990 970 suut;

192 991 253 1029 mro
261 971 371 1045 aliquod
381 979 548 1027 momentum
557 972 587 1025 in
596 971 685 1037 domo,
700 990 849 1045 numquam
859 975 888 1029 in
898 976 991 1031 civita·

192 1058 228 1114 te,
248 1048 365 1119 exeeptis
382 1046 522 1101 dumtaxat
538 1046 573 1100 iis
589 1046 726 1119 gentibus,
748 1064 817 1119 quae
835 1059 988 1123 regnantur.

192 1124 234 1179 lbi
252 1125 325 1178 enim
344 1128 372 1176 et
389 1137 472 1193 super
490 1122 621 1195 ingenuos
639 1130 666 1176 et
685 1138 765 1193 super
782 1122 884 1179 nobiles
898 1142 992 1181 ascen-

131 1235 132 1254 .
193 1198 274 1254 dunt:
304 1196 377 1269 apud
395 1203 495 1253 eeteros
513 1196 620 1267 inpares
634 1195 751 1253 libertini
766 1197 894 1255 libertatis
909 1218 990 1274 argu-

191 1281 315 1331 mentum
323 1278 395 1326 sunt.

247 1351 293 1405 26.
306 1347 395 1403 Fenus
404 1348 504 1420 agitare
512 1346 577 1401 etin
586 1363 684 1401 usurus
693 1347 841 1414 extendere,
852 1351 987 1425 ignotum:

130 1463 131 1466 η
191 1422 309 1495 ideoque
317 1422 403 1496 magis
411 1428 542 1487 serenan.
552 1438 636 1493 quam
646 1422 670 1476 si
680 1422 791 1477 vetitum
801 1432 879 1480 asset.
912 1427 988 1500 Agri,

191 1516 243 1571 pro
256 1514 367 1553 numero
380 1496 522 1562 mitorum,
543 1496 578 1551 ab
591 1497 726 1553 universis
738 1497 767 1551 in
777 1498 848 1553 vines
858 1516 991 1573 oceupnn.

191 1583 246 1639 tur,
262 1590 331 1645 quos
346 1589 409 1637 mou
421 1573 490 1626 inter
500 1588 539 1637 se,
551 1572 699 1628 seeundum
709 1572 897 1645 dignationem,
908 1578 991 1647 parti-

192 1656 285 1705 untur.
324 1646 488 1703 Facilitatem
500 1645 632 1718 partiendi
647 1664 801 1718 camporum
816 1650 900 1719 spatia
913 1668 991 1723 prae·

191 1731 272 1779 stunt.
301 1721 372 1779 Arva
382 1738 430 1793 per
439 1739 523 1777 anuos
531 1729 649 1777 mutent:
670 1729 696 1777 et
705 1730 906 1797 superestager.
935 1726 991 1781 Nec

192 1800 266 1855 enim
280 1815 343 1855 oum
356 1798 475 1852 ubertate
487 1804 514 1852 et
529 1796 706 1869 amplitudine
718 1795 768 1852 soli
782 1794 870 1854 labore
883 1808 991 1855 eonten-

192 1876 270 1939 dunt,
286 1881 318 1929 ut
329 1873 448 1944 pomaria
461 1880 600 1927 conserant
610 1880 637 1927 et
648 1880 722 1943 prata
735 1881 857 1944 separent
866 1881 891 1928 et
900 1874 990 1931 hortos

191 1950 294 2023 rigent:
325 1948 380 2003 solu
403 1955 486 2003 terrae
504 1965 581 2021 seges
599 1947 754 2019 imperetur.
796 1948 870 2003 Unde
888 1966 989 2005 anuum

191 2024 465 2097 quoqueipsunrnon
475 2023 621 2079 intutidem
630 2024 778 2097 digerunts
830 2024 880 2080 es:
902 2024 989 2081 hiems

192 2107 220 2154 et
233 2115 281 2153 rer
294 2107 319 2153 et
330 2107 416 2154 aestas
426 2097 589 2153 intellectum
598 2116 631 2153 no
639 2096 776 2155 vocabula·
798 2098 889 2156 abent:
911 2108 989 2156 nutu-

191 2175 251 2229 mni
261 2174 369 2245 perinde
379 2174 593 2231 nemenaebouu
603 2175 768 2247 ignorantur.
1014 2234 1017 2244 Ι

246 2251 291 2305 m.
311 2249 448 2305 Funerum
458 2247 532 2303 nulin
540 2249 659 2305 ambitio.
685 2248 715 2303 Id
724 2248 812 2304 solum
822 2248 986 2316 observatur,

190 2333 221 2381 ut
231 2341 342 2395 corpora
358 2323 489 2380 clarorum
504 2324 623 2378 virorum
637 2324 715 2379 certis
730 2322 811 2397 lignis
827 2333 987 2381 crementur.

190 2398 425 2473 snuemrogineo
433 2398 553 2453 vestibus
562 2416 611 2453 neo
619 2398 745 2454 odoribus
755 2398 901 2455 cumulant.
935 2398 989 2455 Sua

190 2476 291 2547 cuique
300 2490 384 2539 arma,
400 2474 568 2545 quorundam
579 2473 636 2547 igni
646 2481 672 2527 et
681 2490 767 2545 equus
777 2473 909 2530 adiicitur.
942 2473 989 2529 Se·

188 2546 317 2620 puiuum
340 2564 432 2620 nospes
455 2549 541 2622 erigit.
580 2548 812 2605 Monumentumm
830 2548 945 2605 arduum
964 2557 989 2604 et

189 2640 334 2695 operosum
345 2622 483 2688 bonorem,
495 2631 524 2678 ut
532 2638 642 2695 gravem
650 2622 792 2689 defunctis,
803 2634 987 2695 aspernentur.

188 2700 319 2754 Lamenta
333 2714 367 2752 no
377 2696 501 2753 lacrimas
516 2700 577 2763 rito,
599 2697 716 2759 dolorem
730 2706 757 2753 et
767 2699 904 2755 tristitiam
916 2698 989 2753 terde

185 2780 304 2845 ponunt
343 2772 464 2827 Feminis
478 2771 570 2845 iugera
583 2772 725 2833 honestum
739 2781 792 2842 est;
813 2773 879 2827 viris
893 2773 990 2829 memi-

188 2850 273 2905 nisse.
314 2848 385 2903 tineo
402 2849 431 2902 in
449 2864 593 2903 commune
609 2847 643 2902 de
657 2848 780 2904 omnium
795 2847 988 2903 Germanorum

187 2922 642 2999 origineaemeribmaeoepimus:
663 2922 914 3054 ηιωοιῗίἐιςιιίεωω
922 2938 989 2995 gen-
