2559 3692
295 432 344 485 tte
475 420 857 483 ,remunerentur
957 428 1099 501 (nnete.

295 540 324 600 in
336 537 466 611 peletium
479 536 566 593 rediit
605 536 779 593 Praevenerat
792 554 894 609 rumor,
908 538 1011 593 eiurari
1024 537 1061 593 eb
1069 554 1100 594 ec

294 614 453 703 imperium:
476 613 673 701 scripseratque
690 612 801 685 Flavius
813 610 930 667 Sabinus
943 612 1099 668 ecbertium

294 686 760 837 “lbdll'lgllldlllfflqffl
768 760 920 833 respublica
928 761 958 816 in
967 760 1101 834 Vesperi·

294 840 339 895 eni
348 839 440 895 einum
450 837 581 901 ceeeieeet,
589 836 719 907 primores
728 843 836 890 cenem
845 843 872 891 et
879 835 1005 910 plerique
1014 854 1100 910 eque-

294 914 358 969 strie
367 912 468 970 crdinie
477 910 622 983 omnisque
628 909 708 967 milen
716 910 837 965 urbenue
845 911 973 986 etvigiler
981 911 1097 969 domum

294 986 381 1045 Flavii
391 986 483 1042 Sebini
492 984 667 1057 complevere.
697 984 764 1040 Illuc
771 984 806 1039 de
813 985 911 1041 studiis
921 985 999 1059 vulgi
1008 997 1038 1042 et
1046 988 1097 1042 mi-

294 1058 338 1121 nie
348 1062 567 1119 Gemenicerum
580 1058 730 1117 cohortium
742 1057 867 1116 adfertur.
906 1061 1032 1134 Longius
1044 1064 1096 1117 iem

294 1152 452 1212 progressus
465 1141 529 1199 eret,
545 1136 628 1208 quem
643 1133 899 1209 utregrcdipeeeet:
921 1138 1097 1209 eteuequir-

294 1229 348 1287 que
357 1217 440 1276 metu,
452 1226 486 1265 ue
494 1209 627 1275 disiectos,
637 1225 724 1282 ecque
733 1209 824 1265 minue
834 1208 945 1274 rnlidce,
956 1209 1096 1267 Vitellieni

293 1292 515 1350 connecterentur,
526 1292 695 1340 cunctantem
704 1287 734 1339 in
742 1301 817 1340 nme
825 1284 1000 1357 inpellebent.
1033 1285 1094 1351 Sed,

293 1359 367 1435 qued
379 1361 408 1417 in
421 1359 553 1415 eiuemcdi
562 1359 757 1425 renuecceidit,
767 1359 911 1417 comitium
921 1360 956 1415 eb
964 1362 1095 1417 omnibus

292 1436 385 1493 diem
399 1441 448 1500 eet,
463 1434 613 1507 periculum
626 1435 708 1505 penei
721 1450 870 1506 sumpsere.
909 1432 1094 1491 cirenem

294 1508 427 1575 Fundani,
439 1507 670 1575 descendentibus,
685 1509 735 1581 qui
744 1508 874 1565 Sebinum
886 1510 1092 1569 comitabuntur.

293 1676 357 1716 cum
370 1660 409 1715 ibi
421 1658 562 1732 proelium,
578 1660 715 1731 inproviso
728 1659 856 1726 tumultu,
873 1661 921 1715 sed
932 1677 1092 1733 prosperum

283 1734 442 1801 ·Vitellienie
453 1734 512 1790 luit.
542 1734 670 1801 Sebinue,
679 1752 709 1790 re
718 1734 829 1807 trepide,
841 1735 915 1807 quod
923 1737 1091 1791 tutissimum

293 1828 308 1869 e
321 1810 516 1885 praesentibus,
532 1826 619 1865 urcem
632 1808 755 1881 Capitolii
768 1809 866 1865 incedit
878 1810 964 1866 mixte
971 1811 1060 1867 milite
1067 1820 1092 1865 et

293 1886 457 1959 quibusdem
471 1891 622 1942 menbrum
635 1886 828 1957 equitumque:
848 1901 965 1959 querum
982 1889 1091 1943 nmnine

293 1961 394 2017 trudere
403 1960 476 2017 baud
484 1966 637 2031 promptum
648 1966 697 2024 eet,
707 1961 845 2031 quonium,
858 1961 956 2017 victore
965 1962 1092 2035 vepne

292 2054 352 2102 eno,
369 2034 448 2092 multi
460 2034 490 2090 id
503 2036 629 2089 meritum
642 2042 801 2107 ergepnrtee
810 2035 981 2093 simulavere.
1021 2036 1092 2093 Sub-

292 2112 381 2167 ieruut
398 2108 534 2165 obsidium
554 2110 634 2164 etiem
653 2108 781 2178 feminee,
805 2111 876 2166 inter
889 2128 959 2183 qum
972 2113 1091 2167 mexinm

276 2200 279 2207 ’
291 2183 544 2259 insignisverulam
550 2182 671 2249 Gratilla,
679 2200 766 2257 neque
776 2184 873 2240 liberes
883 2202 972 2259 neque
980 2188 1091 2259 propin-

292 2276 370 2333 qnne,
391 2259 439 2315 sed
456 2257 568 2324 bellum,
589 2267 688 2315 secute.
727 2258 885 2316 Vitellianus
898 2260 978 2316 miles
987 2262 1090 2319 socordi

185 2360 194 2379 ·
291 2333 410 2390 cuetodie
429 2332 534 2389 cleueoe
553 2333 740 2402 circumdedit3
765 2350 850 2406 eoque
867 2335 997 2391 ecncubie
1017 2346 1090 2393 nocte

292 2426 356 2465 nuce
370 2408 467 2464 liberes
482 2408 598 2464 Sabinus
611 2417 637 2463 et
650 2409 841 2474 Domitianum,
851 2408 941 2466 fretrie
951 2410 1051 2478 lilium,
1062 2414 1089 2467 in

287 2481 452 2557 ,Capitolium
462 2484 580 2541 ¹accivit:
601 2484 686 2540 missu
694 2500 746 2556 -per
759 2482 876 2557 neglecte
893 2485 929 2541 ed
946 2486 1089 2543 Flevienee

290 2559 372 2615 ducee
386 2558 491 2624 nuntio,
505 2559 564 2631 qui,
580 2563 760 2613 circumc&
768 2564 845 2628 tpccc,
857 2568 889 2623 et,
900 2565 930 2614 et
938 2564 1089 2618 eubnem're-

262 2668 265 2676 ·
292 2643 344 2698 tur,
354 2642 445 2689 cretae
456 2650 500 2689 ree
513 2634 656 2689 nuntiaret.
695 2634 804 2689 Noctem
819 2634 885 2690 eden
895 2636 1016 2707 quietem
1025 2638 1089 2711 egit,

290 2716 322 2771 nt
339 2707 447 2783 degredi
465 2708 524 2763 eine
542 2724 610 2763 ucxe
624 2708 754 2779 potuerit:
774 2710 877 2781 quippe
889 2707 967 2765 milee
977 2711 1088 2777 Vitellii,

291 2782 421 2840 edvereue
430 2781 547 2855 pericula
557 2780 785 2849 ieron-lebetibus
794 2792 820 2837 et
829 2784 932 2858 vigiliit
940 2802 1038 2857 perum
1046 2788 1089 2841 in⁴

289 2865 379 2915 tentus
391 2864 461 2913 eret:
481 2864 506 2912 ct
519 2856 649 2912 hibernus
662 2857 759 2923 imber,
775 2867 882 2930 repente
894 2857 983 2926 linus,
997 2860 1088 2916 cculce

290 2949 423 3008 eureeque
434 2931 594 2989 incediebat.
