2559 3692
393 464 604 513 DIALOGUS.
624 468 697 514 CA?
725 468 750 514 i.
769 468 794 515 ².
944 464 994 517 303

188 566 287 638 Neque
295 565 369 621 enim
379 565 417 620 ita
426 564 602 637 adpellamus,
616 567 672 622 nisi
679 568 819 640 antiquos:
838 566 998 625 horumau·

171 654 173 658 ·
188 649 246 696 tem
261 648 415 711 temporum
430 639 523 695 diserti
536 641 680 703 oaussidici
693 642 848 698 et‘advocati
856 650 882 698 et
890 645 995 713 patroni

185 716 216 771 ‘et
224 714 337 787 quidvis
349 715 451 786 potius,
462 732 545 787 quem
554 723 681 791 oratores,
696 724 833 773 vocantur.
873 716 925 773 un
933 734 996 789 per-

189 790 335 847 ontntioui
349 796 411 845 tuae
424 788 593 861 respondere,
606 798 634 845 et
642 798 699 847 tam
707 808 821 865 magnae
829 793 997 863 quaestionis

188 864 300 937 pondus
307 864 441 935 excipere,
452 872 483 919 ut
491 871 537 921 aut
545 864 579 921 de
588 865 706 939 ingeniis
714 867 814 921 nostris
822 865 893 920 male
902 866 997 921 existi-

167 948 174 961 ·
189 939 322 995 mendum
333 938 457 1005 habeam,
477 938 583 997 siidern
592 940 705 1013 adsequi
714 958 769 997 non
778 955 935 1012 possumus,
949 948 996 995 aut

189 1013 355 1079 deiudiciis,
366 1012 539 1079 siaolumun
558 1014 607 1070 vix
616 1014 726 1071 hercule
733 1014 870 1080 auderem,
891 1016 916 1069 si
925 1014 995 1070 mihi

190 1104 252 1143 mea
262 1086 568 1159 sententiapraierenda,
589 1106 683 1145 acuon
692 1089 943 1154 disertissimorum,
963 1096 995 1144 nt

189 1163 291 1219 nostris
300 1162 476 1233 temporibus,
490 1162 634 1219 hominum
647 1181 737 1219 sermo
744 1164 904 1236 repetendus
913 1172 993 1224 esset,

189 1254 262 1310 quos
276 1236 389 1292 eandem
399 1236 471 1291 hane
483 1238 667 1309 quaestionem
676 1247 875 1309 pertractantes,
885 1240 995 1296 iuvenis

189 1311 341 1367 admodum
350 1310 450 1367 audivi.
478 1312 995 1385 Itanoningenio,sedmemoriaacrs·

190 1385 354 1451 cordatione,
369 1390 497 1457 opusest,
516 1390 557 1452 ut,
574 1402 669 1458 quaes
679 1389 995 1458 praestantissimisviris

191 1460 524 1535 etexosgitatasubtiliter,
546 1468 574 1515 et
585 1460 655 1517 dicte
663 1462 790 1535 graviter,
809 1463 909 1533 accepi,
929 1480 995 1517 cum

189 1534 995 1685 fftffiiitffirdiffitrrfflcttiitffl

189 1684 322 1751 redderet,
343 1684 442 1741 iisdem
450 1698 523 1743 nunc
531 1684 663 1751 numeris,
684 1685 836 1758 iisdemqm
844 1681 996 1747 rationibus

189 1776 350 1833 persequar,
360 1768 466 1819 servato
474 1759 775 1832 ordiaedisputationis.
813 1761 908 1832 Neque
921 1761 995 1814 enim

190 1834 288 1901 defuit,
308 1834 359 1907 qui
377 1834 512 1891 dirorum
530 1851 640 1907 queque
655 1843 760 1907 partem
778 1835 936 1905 susciperet,
951 1851 992 1898 ec,

190 1909 313 1974 muitum
326 1917 421 1965 vexata
434 1917 466 1965 et
474 1910 558 1965 inrisa
567 1917 707 1976 vetustate,
727 1908 880 1966 nostrornm
892 1916 995 1979 tempo-

190 2002 257 2039 rum
266 1983 446 2056 eloquentiam
456 1984 629 2056 antiquorum
638 1985 756 2057 ingeniis
764 1983 913 2039 anteferret.

249 2062 276 2116 Ξ.
295 2060 365 2115 Nam
379 2066 484 2130 postero
493 2058 546 2124 die,
562 2071 645 2131 quam
654 2060 790 2115 Curiatius
799 2060 935 2114 Maternus
945 2055 995 2111 Ca-

191 2140 285 2191 tonem
301 2134 464 2199 recitaverat,
485 2150 548 2189 cum
566 2133 708 2189 offendisse
721 2134 870 2205 potentium
889 2133 994 2187 animos

190 2208 335 2274 diceretur,
355 2215 493 2280 tamquam
512 2208 541 2265 in
555 2224 587 2263 eo
600 2208 749 2281 tragoediae
762 2215 935 2282 argumento,
949 2208 993 2261 sui

189 2282 303 2349 oblitus,
323 2290 428 2339 tantum
442 2282 568 2339 Catonem
585 2283 735 2357 cogimus,
755 2300 841 2355 esque
852 2283 886 2337 de
899 2298 928 2337 re
945 2299 994 2352 per

190 2357 288 2415 urbem
298 2355 425 2431 frequens
435 2374 523 2413 sermo
531 2356 685 2423 haberetur,
698 2356 872 2414 veneruntad
881 2374 944 2412 eum
954 2356 992 2411 Μ.

190 2432 265 2504 Aper
279 2440 306 2487 et
314 2432 402 2489 iulius
409 2431 559 2497 Secundus,
574 2430 746 2490 celeberrima
757 2440 817 2489 turn
825 2432 934 2505 ingenia
943 2429 993 2486 fori

190 2508 292 2563 nostri:
312 2521 382 2580 quos
395 2524 446 2581 ego
457 2508 486 2571 in
500 2507 609 2563 iudiciis
619 2524 674 2563 non
682 2515 811 2579 utrosque
820 2507 898 2563 modo
906 2504 994 2561 studi-

190 2599 239 2637 ose
251 2581 404 2647 audiebam,
417 2582 467 2639 sed
479 2581 552 2637 domi
569 2583 749 2654 quoqueetin
758 2581 867 2653 publico
875 2580 994 2635 adsecta-

190 2657 251 2722 bar,
261 2656 331 2713 mira
340 2656 490 2713 studiorum
500 2656 645 2727 cupiditate
654 2657 806 2729 etquodam
815 2656 908 2711 ardore
916 2656 994 2724 iure·

191 2732 291 2796 nili,ut
299 2729 518 2803 fabulasquoque
524 2748 619 2787 eorum
628 2738 656 2786 et
663 2730 856 2803 disputationes
864 2737 890 2783 et
897 2746 994 2783 arcana

190 2812 309 2861 semotas
318 2804 442 2861 dictionis
451 2805 559 2876 penitus
565 2806 729 2877 exciperem
742 2806 869 2878 quamvis
875 2802 995 2874 maligno

189 2879 317 2953 plerique
325 2880 508 2953 opinarentur,
519 2896 569 2933 nec
577 2878 699 2936 Secundo
706 2887 861 2953 promptum
870 2893 929 2945 csse
936 2892 994 2930 ser-

190 2970 312 3020 monem,
327 2962 353 3009 et
367 2952 472 3026 Aprum
485 2953 595 3027 ingenio
605 2955 697 3027 potius
707 2962 734 3010 et
742 2954 770 3010 vi
780 2961 992 3032 naturae‚‚quam
