2559 3692
288 412 336 465 {52
524 408 848 482 rrrsrorusauu
947 405 1090 479 (ansas

285 518 341 588 Neo
350 514 406 571 ulla
415 513 646 587 apudVitellianos
653 512 747 587 flagitii
755 530 855 585 poena:
868 521 895 569 st
902 515 1035 585 praemiis
1044 514 1092 571 de·

285 586 414 647 leotorum
429 607 506 645 versa
520 588 596 653 fides,
612 606 644 643 ae
657 588 795 661 reliquum
803 588 930 660 perfidiae
939 596 1089 645 esttamen.

286 663 540 739 Crebratransiugia
548 663 718 722 uibunuum
728 664 981 735 centurionumque.
1017 665 1090 719 Nam

285 741 424 815 gregarius
434 739 512 795 miles
521 738 736 810 indtuueratpro
744 736 864 795 Vitellio:
884 738 968 803 donee
977 737 1091 796 Priscus

286 823 312 871 st
320 815 470 886 Alphenus,
481 813 592 869 desertis
601 814 705 879 castris,
716 810 892 868 adVitellium
901 816 1032 885 regressi,
1037 831 1092 885 pu-

286 890 349 949 dore
361 889 517 961 proditionis
525 895 634 943 cunctos
644 887 820 947 exsolverent

341 968 383 1021 62.
394 963 492 1019 Iisdem
502 962 598 1019 diebus
607 962 707 1019 Fabios
716 961 813 1019 Valens
822 961 918 1017 Urbini
926 961 957 1017 in
966 964 1091 1019 outonis

285 1039 453 1097 interficitur.
485 1036 572 1110 Caput
580 1038 639 1093 eius
649 1036 798 1095 Vitellianis
807 1036 961 1095 cohortibus
971 1045 1092 1095 ostenta-

286 1123 355 1181 tum,
366 1130 400 1169 no
413 1130 496 1185 quam
505 1112 661 1185 ultraspem
669 1111 802 1175 foverant:
823 1129 888 1167 nam
894 1114 1054 1184 pervasisse
1063 1114 1092 1169 in

287 1188 458 1247 Germaniam
466 1186 604 1243 Valentem
619 1194 755 1244 stratores
770 1187 826 1242 illie
832 1204 972 1259 novosque
984 1190 1092 1243 exerei-

286 1262 567 1319 tusoiersoredebant.
603 1261 669 1318 Visa
677 1262 1019 1334 oaadaindasperstionam
1027 1281 1092 1319 ver·

287 1338 320 1394 si.
359 1338 394 1392 Et
402 1336 548 1393 Flavianus
565 1334 707 1402 exereitus,
726 1339 836 1393 inmane
847 1344 982 1410 quantum
995 1339 1091 1393 animo

286 1413 399 1467 exitium
414 1411 542 1478 Valentis,
558 1422 587 1469 ut
599 1412 681 1467 finem
696 1411 771 1476 belli,
787 1412 896 1485 aopepit.
935 1412 1091 1468 Natrserat

286 1485 384 1544 Valens
394 1486 540 1560 Anagniae,
561 1488 678 1559 equestri
688 1484 799 1547 familia.
838 1487 939 1542 Pruoax
950 1487 1089 1553 moribus,

287 1577 375 1633 neqru
389 1561 528 1617 absurdus
536 1562 654 1635 ingenio,
669 1559 769 1615 lamam
781 1560 939 1617 urbanitatis
947 1578 997 1633 per
1008 1560 1090 1618 lasei-

286 1636 360 1691 viam
373 1644 471 1708 petere.
510 1635 624 1695 Ludiero
637 1635 805 1693 iuvenalium
818 1636 872 1691 sub
883 1637 998 1700 Nerone,
1014 1637 1089 1693 velut

286 1727 320 1767 ex
334 1712 498 1781 nwessitsta,
514 1728 577 1767 mox
590 1719 694 1784 sponte,
706 1711 804 1767 mimos
816 1712 942 1775 actitavit,
952 1712 1022 1767 seito
1031 1730 1088 1768 ma-

285 1786 329 1861 gis
341 1803 424 1860 quam
438 1786 529 1859 probe.
569 1787 684 1863 Legatos
694 1783 806 1859 legionis
816 1796 841 1841 et
851 1784 917 1842 fovit
925 1786 1086 1859 Verginium

287 1870 313 1919 ot
331 1861 479 1919 infamavit.
519 1862 659 1919 Fonteium
673 1860 827 1948 Capitonem
845 1862 1020 1933 eduruptum,
1038 1880 1087 1929 ssu

286 1934 1088 2080 tltttlllttttttttllltltllrllltttffll
1149 2017 1150 2022 κ

341 2090 384 2143 63.
404 2086 523 2157 Abrupta
535 2083 656 2156 undique
664 2082 887 2155 spe,Vitellianus
899 2084 987 2151 miles,
999 2093 1087 2141 trans

287 2163 374 2217 iturus
384 2162 413 2216 in
422 2168 519 2231 partes,
530 2159 560 2215 id
567 2176 678 2232 quoque
686 2176 739 2215 non
748 2159 808 2214 sine
816 2159 918 2225 deeora,
926 2160 975 2215 sed
984 2162 1040 2217 sub
1050 2162 1087 2224 si-

286 2236 349 2309 gnis
363 2235 523 2307 vexillisque
538 2235 568 2291 in
582 2234 715 2291 subiectos
728 2235 843 2289 Narniae
853 2251 962 2306 mmpos
975 2234 1087 2294 deseen-

287 2310 358 2365 dara.
397 2310 542 2367 Flavianus
557 2310 698 2376 exercitus,
719 2317 750 2365 ut
762 2309 797 2363 ad
804 2308 946 2380 proelium,
967 2310 1087 2366 intentus

286 2392 459 2457 ornatusque,
479 2383 569 2440 densis
588 2384 658 2440 eirea
677 2385 750 2441 viam
767 2384 919 2450 ordinibus,
939 2384 1084 2441 adstiterat.

286 2459 562 2532 aoespnmmedium
571 2459 717 2516 Vitelliani.
748 2459 783 2513 Et
792 2459 968 2515 circumdatos
978 2460 1086 2515 Primus

287 2534 418 2591 Antonius
438 2533 579 2611 elementer
598 2534 760 2607 adloquitur.
799 2534 864 2588 Pars
883 2534 1008 2599 Narniae,
1024 2552 1086 2607 pars

226 2606 230 2613 ’
288 2608 453 2665 Interamnae
463 2609 608 2665 subsistere
617 2610 697 2665 iussi.
726 2607 1087 2677 Relictaesimuleviotrici-
1149 2621 1150 2690 ζ

286 2685 339 2743 hus
349 2684 477 2759 legiones,
492 2701 580 2757 neque
593 2684 795 2757 qniesoentibus
804 2700 910 2757 graves,
921 2691 947 2737 et
956 2683 1086 2739 adversus

287 2760 480 2817 oonumaciam
499 2759 611 2813 validae.
651 2759 711 2813 Non
725 2759 839 2814 omisere
848 2776 895 2830 por
906 2775 951 2813 eos
961 2758 1020 2813 dies
1030 2760 1086 2813 Pri-

288 2852 350 2891 mus
366 2852 396 2889 ac
409 2834 506 2899 Varus,
526 2832 626 2889 crebris
640 2833 743 2889 nuntiis
752 2832 865 2887 salutem
875 2834 1053 2904 etpeeuniam
1062 2841 1088 2887 et

289 2917 386 2979 secreta
395 2906 556 2985 Campaniae
564 2908 657 2966 offerre
665 2905 781 2971 Vitellio,
793 2907 827 2964 si.
835 2907 929 2964 positis
938 2908 1086 2975 prmissa·
