2559 3692
294 434 342 487 tot
529 434 855 497 ursuonruuuu
954 424 1098 497 (nnana.

237 603 239 608 ¹
292 538 440 593 amisorum
449 510 833 607 oonsiliodeterritus,sumpta
843 543 1101 607 praetextaeteom-

291 613 377 684 posito
386 612 503 685 agmine,
514 610 632 665 inoessit.
654 608 773 676 Qustnor
782 610 918 684 legionum
928 609 1100 683 aquilaeper

290 686 413 751 frontem,
434 686 597 757 totidemque
615 684 685 739 eirea
704 701 719 739 e
736 684 887 759 legionibus
906 682 967 739 aliis
981 685 1098 749 venilia,

291 778 356 818 mox
364 761 415 815 xii
425 760 527 815 alarum
538 760 624 833 signa,
636 766 730 831 etpost
737 759 858 830 peditum
871 759 979 815 ordines
992 776 1097 833 eques:

291 836 354 892 dein
363 844 477 907 quatuor
487 842 512 889 et
521 834 603 887 XXX
612 833 741 898 oobortes,
755 840 786 889 ut
794 834 903 889 nomina
912 834 1038 907 gentium
1050 843 1099 890 aut

291 908 784 981 speciesarmorumiorent,disoretae.
808 908 876 971 Ante
885 909 1005 980 aquilam
1015 926 1099 982 prae-

291 983 353 1039 fecti
367 992 513 1039 castrorum
527 983 684 1055 tribunique
695 991 721 1039 et
728 983 811 1055 primi
820 985 1017 1051 centurionum,
1029 1002 1097 1039 ean-

291 1059 354 1115 didn
368 1065 456 1114 reste:
476 1058 555 1113 oeteri
569 1058 644 1112 iuxta
658 1074 737 1112 suam
750 1058 868 1130 quisque
878 1059 1038 1126 centuriam,
1052 1078 1097 1116 an

291 1134 345 1189 mis
354 1132 485 1203 donisque
495 1130 636 1207 fulgentes.
666 1132 701 1186 Et
709 1131 826 1188 militum
834 1131 959 1205 phalerae
968 1142 1096 1207 torques-

285 1225 345 1280 ‚que
360 1206 542 1277 splendebant.
581 1207 679 1262 Deoora
694 1205 783 1270 iacies,
799 1215 825 1262 et
837 1224 890 1263 non
899 1208 1096 1282 Vitellioprin-
1150 1275 1151 1280 ἵ

291 1284 350 1353 nipe
359 1280 458 1355 dignus
468 1276 609 1338 exorbites.
630 1278 842 1352 SioCapitolium
852 1283 1001 1354 ingressus,
1011 1291 1095 1356 atque
1150 1283 1151 1292 ’

290 1356 330 1412 ibi
340 1364 451 1411 matrem
459 1355 626 1427 complexus,
640 1355 777 1428 Augustam
785 1357 894 1411 nomine
902 1356 1054 1412 honoravit.

347 1433 388 1486 90.
408 1431 513 1486 Postera
532 1428 592 1495 die,
606 1438 744 1501 tamqnam
763 1429 836 1501 apud
854 1430 962 1486 atterius
975 1432 1094 1488 civitatis

291 1512 413 1560 senatum
432 1504 631 1579 populumque,
653 1504 821 1578 magnifieum
839 1506 985 1560 orationem
999 1506 1034 1562 de
1050 1524 1094 1561 se-

252 1641 253 1645 ,
291 1581 406 1651 metipso
418 1582 558 1651 prompsit,
574 1580 735 1635 industriam
747 1580 1003 1653 temperantiamque
1012 1598 1092 1637 suam

291 1654 418 1711 laudibus
431 1654 574 1713 adtollens:
595 1655 709 1711 oousoiis
722 1653 882 1730 flagitiorum
894 1655 971 1727 ipsis,
982 1656 1032 1729 qui
1045 1656 1092 1711 ad-

184 1774 191 1787 „
291 1738 374 1795 erant,
386 1732 514 1803 omnique
524 1730 606 1796 italia,
619 1747 668 1802 per
677 1748 759 1803 quam
770 1746 864 1806 somno
873 1737 899 1785 et
908 1729 976 1785 luxu
984 1731 1091 1803 puden·

290 1804 343 1860 dus
352 1805 504 1861 incesserat.
543 1806 650 1879 Vulgus
662 1812 761 1870 tamen,
772 1821 887 1860 vacuum
901 1806 984 1867 euris,
996 1814 1022 1861 et
1031 1808 1092 1861 sine

291 1878 352 1955 falsi
370 1882 482 1953 verique
500 1882 656 1936 discrimine
675 1880 765 1934 solitas
778 1879 942 1935 adulationes
955 1880 1089 1947 edoctum,

291 1954 406 2011 clamore
424 1963 449 2010 et
462 1957 574 2012 vocibus
592 1954 772 2025 adstrepebat:
792 1954 974 2027 abnuentique
991 1972 1091 2012 nomen

213 2089 221 2106 ,
290 2034 408 2099 Augusti,
420 2046 582 2101 expressere,
596 2036 627 2083 ut
635 2028 801 2084 adsumeret:
821 2036 876 2084 tam
886 2028 994 2097 frustra,
1006 2045 1089 2103 quam

291 2113 490 2250 imaginat&
499 2178 641 2242 civitatem,
651 2185 745 2234 cuncta
753 2177 978 2251 interpretantem,
990 2146 1091 2235 funesti

167 2320 176 2339 ·
190 2266 191 2271 ’
290 2254 389 2311 ominis
403 2253 460 2309 loeo
473 2260 609 2323 aooeptum
623 2261 672 2319 est,
692 2252 775 2325 quod,
788 2255 943 2309 maximum
951 2255 1092 2326 pontiden·

290 2325 1088 2399 tumadeptus,VitelliusdemeremoniispublicisXV.Kai.

290 2404 361 2477 Aug.
373 2402 509 2466 edixisset,
521 2402 670 2475 antiquitus
682 2402 799 2458 infausto
812 2402 856 2457 die
865 2402 1032 2466 Cremerensi
1042 2404 1091 2459 Ar-

290 2478 423 2549 liensique
445 2476 575 2531 cladibus.
615 2477 688 2533 Adeo
709 2479 803 2533 omnis
817 2478 930 2533 humani
948 2478 1089 2551 divinique

290 2553 359 2607 iuris
377 2568 482 2623 expers,
503 2552 561 2622 pari
581 2552 736 2608 libertorum
749 2553 1087 2624 amioorumquesooordin,

290 2626 365 2681 velut
377 2627 446 2681 inter
459 2626 732 2701 temulentosagebat:
767 2626 820 2682 Sed
828 2628 934 2683 eomitia
946 2627 1088 2684 oonsuium

291 2718 354 2757 cum
364 2700 510 2757 candidatis
520 2702 633 2757 civiliter
642 2700 788 2768 celebrans,
796 2718 904 2757 ornnem
913 2702 1089 2774 intimaeple-

289 2776 335 2833 bis
343 2792 487 2842 rumorem,
499 2777 528 2831 in
539 2776 638 2833 theatro
648 2784 679 2831 ut
688 2783 825 2848 spectator,
833 2777 863 2832 in
872 2779 943 2833 eiroo
951 2786 982 2832 ut
991 2776 1086 2844 iautor,

290 2850 438 2927 ndieouvit.
478 2850 647 2925 Quaegrata
655 2864 720 2907 sane
728 2859 755 2906 et
763 2851 912 2923 popularia,
923 2853 1088 2907 siavirtuti-

289 2926 344 2983 bus
356 2926 596 3002 profioisoerentur,
609 2927 737 2983 memoria
746 2928 816 2981 vitae
824 2927 921 2999 prioris
930 2926 1088 2983 indecoraet
