2559 3692
314 420 363 475 tto
489 426 875 509 'uls‘rotttaltuu
990 419 1121 495 (anana.

311 528 457 578 poscentibus,
466 528 553 569 meua
570 528 646 569 vietae
653 528 750 576 lectona·
757 528 781 567 tn
789 531 861 589 emera
868 528 953 577 recipit.
973 530 1007 569 ta
1016 531 1051 570 ⁷4.
1066 532 1119 570 'rre-

311 606 376 637 veroe
385 599 407 636 et
414 596 523 645 Lingonas
532 596 597 636 officit
606 596 713 635 admonet.
732 596 765 636 75.
775 594 852 635 (xviiia
861 599 884 635 et
891 594 1001 635 Olmlou
1008 596 1038 635 ad
1045 596 1120 637 Gerla-

311 662 355 702 lem
363 664 444 703 litteras
454 662 548 712 mlttunt,
557 663 585 703 ad
594 672 648 715 qaas
657 663 693 703 llla
700 663 762 703 alhfl.
783 664 817 703 tt.
827 663 902 703 ctvtlta
911 663 1065 713 anemurium,
1077 667 1121 705 ‘ru-

311 732 347 771 tor
355 734 377 783 et
386 729 494 771 Cluuiana
504 732 576 772 atatim
589 731 740 780 pagnanum,
754 732 860 770 romane
882 732 914 770 77.
924 730 956 770 78.
969 730 1043 771 Atrox
1056 742 1120 781 proe-

311 797 372 845 llum,
383 808 425 848 qno
435 798 530 846 Oarlallr,
545 799 606 837 lnltto
614 799 697 845 metm,
709 806 762 837 mox
768 798 840 837 victor
847 801 919 839 eastra
927 798 1023 837 hoedum
1032 802 1120 839 mein

312 864 351 906 dlt.
369 867 401 905 79.
410 865 577 914 aesopum
586 875 600 904 a
609 864 722 905 Gamala
730 864 859 904 desciscunt.
881 862 1042 906 enunciantes
1050 866 1119 907 vitet·

311 933 335 973 lli
343 931 417 984 mum
428 932 536 973 lutamelt.
557 931 666 973 Αιιὲοιιὶιιι
677 932 773 980 Primus,
790 932 819 971 ad
830 931 987 981 Vespasianum
998 934 1112 983 protectur

312 1010 355 1040 son
367 1010 406 1049 pro
420 1009 458 1049 apa
470 1000 583 1049 excipitur.
610 1000 644 1040 a1.
655 1000 732 1041 ltolttr
744 1000 853 1040 manentia
862 1000 962 1039 eoelum
969 1000 994 1039 ln
1002 1000 1118 1051 vespm-

311 1078 364 1107 nrnn
376 1067 438 1106 teror
449 1071 556 1107 umens.
582 1066 633 1117 Ipse
643 1069 755 1107 walorum
767 1068 818 1107 taba
829 1070 913 1116 notu,
926 1067 994 1107 uam
1006 1078 1077 1109 nun
1085 1080 1115 1109 se

312 1144 381 1183 mm,
391 1135 478 1173 sultatl
486 1136 588 1175 raatltult.
606 1136 638 1177 87.
649 1134 791 1177 commem
799 1136 871 1175 omina
878 1136 902 1174 ln
909 1135 991 1184 templo
1001 1134 1117 1186 flmpidin

312 1202 373 1241 entus
398 1201 431 1241 88.
440 1202 473 1240 84.
486 1202 546 1250 origo
556 1201 691 1252 anapaesta,
704 1203 809 1252 nmmum
816 1201 960 1242 Alam
969 1204 1116 1252 mamonis,

311 1277 398 1307 nomen.
418 1269 451 1307 8⁶.
460 1268 586 1309 Valentinus
595 1271 701 1320 supplicio
709 1270 815 1310 sdteetua.
836 1270 870 1309 86.
882 1269 1027 1317 Domitianus,
1038 1272 1117 1311 namra

311 1336 394 1373 mutate
408 1332 500 1384 canale,
518 1347 546 1376 an
558 1338 600 1377 stbt
613 1338 731 1378 exereitum
745 1339 901 1387 imperiumque
914 1335 1038 1379 meltum
1054 1339 1114 1383 toret.

311 1400 431 1441 limarum
440 1404 535 1444 studium
544 1407 566 1445 at
573 1416 669 1445 amorem
678 1407 796 1445 carminum
804 1406 897 1445 simulat

362 1468 429 1509 Gesta
437 1472 490 1511 baec
498 1474 576 1521 partlm
585 1474 661 1513 eodem
669 1480 736 1523 anno,‘
747 1475 826 1523 partim
834 1475 885 1523 imp.
901 1473 961 1523 Υιῳ.
974 1474 1061 1521 m.
1072 1473 1115 1513 fl·

305 1538 354 1587 fito
368 1548 419 1579 eoas.
713 1542 717 1547 '

369 1627 393 1677 l.
422 1614 571 1680 Interfecto
590 1624 717 1692 Vitellio,
744 1626 851 1681 bellum
872 1625 961 1701 magis
982 1624 1113 1691 desierat,

311 1715 395 1771 quam
409 1716 465 1771 pax
478 1709 613 1775 coeperat.
639 1701 745 1757 Armati
757 1719 807 1773 per
821 1699 919 1756 urbem
933 1700 1057 1757 victores
1072 1703 1114 1757 in·

310 1773 443 1846 placabili
457 1776 521 1832 odio
538 1778 626 1848 victos
639 1777 877 1835 consectabantur.
901 1774 1004 1831 Planae
1019 1778 1114 1833 caedi-

309 1850 364 1907 bus
375 1852 446 1916 viae,
462 1861 574 1909 cruenta
585 1852 643 1909 lora
651 1853 821 1925 templaque.
836 1852 943 1923 passim
954 1852 1112 1918 trucidatis,

310 1934 342 1983 ut
363 1944 503 1999 quemque
522 1927 577 1982 fors
599 1928 747 1983 obtulerat.
783 1926 824 1982 Ac
842 1941 921 1992 mox,
945 1939 1116 2000 augescente

311 1999 436 2066 licentia,
458 2004 574 2058 serutari
597 2019 628 2065 ac
651 2002 810 2074 protrahere
831 2002 952 2058 abditos:
979 2004 1006 2057 si
1028 2020 1114 2075 quem

309 2093 456 2147 procerum
475 2078 572 2131 habitu
588 2092 619 2132 ec
636 2078 749 2132 iuventa
763 2084 975 2150 conspexerant,
997 2077 1115 2134 obtrun-

312 2166 383 2215 care,
395 2152 472 2207 nullo
481 2152 602 2209 militum
612 2160 659 2207 aut
667 2152 765 2225 populi
774 2150 945 2208 discrimine.
964 2151 1042 2220 Quae
1053 2172 1114 2209 sae-

310 2226 392 2291 vitia,
414 2226 572 2281 recentibus
586 2226 674 2293 odiis.
695 2228 832 2301 sanguine
846 2227 1025 2301 explebatur,
1047 2228 1112 2285 dein

309 2308 428 2355 verterat
447 2302 476 2355 in
492 2304 646 2368 auaritiam.
676 2303 754 2359 Nihil
775 2320 893 2376 usquam
911 2311 1053 2360 secretum
1067 2314 1115 2361 aut

311 2374 436 2431 clausum
454 2377 595 2445 sinebant,
612 2378 775 2437 Vitellianos
788 2377 921 2435 occultari
935 2378 1111 2437 simulantes.

310 2450 423 2505 Initium
438 2450 467 2506 id
482 2452 741 2528 perfringendarum
756 2454 890 2512 domuum
894 2473 904 2524 3
920 2455 982 2518 vel,
1001 2455 1027 2512 si
1041 2457 1113 2511 reai-

310 2533 441 2597 steretur,
467 2544 564 2584 caussa
584 2528 692 2599 caedia;
728 2546 780 2585 nee
799 2530 894 2585 deerat
912 2530 1111 2603 egentissimus

310 2601 430 2672 quisque
441 2604 579 2674 explebe:
592 2613 618 2661 et
627 2606 743 2677 pessimi
754 2606 929 2661 servitiorum
938 2604 1058 2677 prodere
1067 2606 1112 2662 ul·

310 2684 352 2729 tro
371 2674 443 2731 dites
462 2678 601 2735 dominos:
634 2679 683 2735 alii
703 2680 739 2734 ab
757 2682 854 2736 amicis
876 2681 1109 2737 monstrabantur.

309 2750 419 2825 Ubique
435 2752 561 2819 lamenta,
575 2754 804 2811 conclamationes
819 2764 846 2811 et
860 2754 947 2811 torma
956 2764 1054 2829 captae
1063 2774 1111 2811 nr·

310 2825 368 2881 bis:
382 2826 449 2883 adeo
460 2836 491 2883 ut
500 2828 851 2908 Othonianillitellianique
861 2831 959 2887 militis
970 2830 1111 2888 invidiosa

310 2909 389 2957 antea
402 2904 553 2975 petulantia
572 2905 784 2963 desideraretur.
807 2908 896 2961 Duces
912 2904 1046 2979 partium,
1065 2924 1111 2961 ac-

310 2976 1110 3055 cendeudocivilibello,acres,temperandaavictoriosiu-
