2559 3692
304 460 353 511 320
447 476 450 483 ’
539 463 589 509 ΒΕ
609 462 863 509 ORATORIBU8

305 572 331 621 et
339 562 413 621 cultu
423 563 631 636 descriptionum
641 561 771 630 invitatus
778 571 805 618 et
812 570 960 635 oonruptus
969 572 1108 630 esteves·

304 648 378 697 satur
396 639 536 695 dicentem.
575 636 682 711 Vulgus
693 652 804 709 quoque
815 637 1007 695 adsistentium
1019 647 1049 693 et
1062 639 1108 695 ad·

304 714 390 770 iluens
404 712 430 769 et
443 728 529 787 vagus
540 712 645 768 auditor
656 711 779 768 adsuevit
791 713 846 768 ism
860 712 968 786 exigas
977 712 1107 769 laetitiam

304 799 329 845 et
342 787 571 861 pulchritudinem
580 786 724 856 -0rationis3
745 802 796 842 nee
807 786 896 861 magis
908 786 1011 861 perfert
1022 788 1056 843 in
1066 790 1106 843 iu·

304 864 382 919 dieiis
395 863 497 918 tristem
513 869 538 917 et
552 862 679 934 inpexam
691 860 886 933 antiquitatem,
905 864 993 933 quam
1006 863 1034 918 si
1045 864 1105 935 quis

304 940 333 994 in
348 954 427 993 soens
440 938 528 993 Roscii
542 944 589 992 aut
602 936 746 1009 Turpionis
758 934 879 991 Ambivii
892 938 1051 1007 exprimere
1063 955 1106 1011 gs·

304 1022 363 1068 stus
372 1011 445 1067 velit.
484 1012 540 1066 lam
555 1028 618 1067 vero
630 1011 743 1067 iuvenes
756 1010 820 1065 etin
829 1010 889 1083 ipsa
897 1010 1058 1067 studiorum
1066 1014 1105 1067 in·

305 1088 373 1143 onds
381 1086 470 1160 positi,
476 1085 524 1158 qui
535 1083 668 1157 proiectus
677 1087 721 1140 sui
730 1101 825 1141 mussa
832 1093 948 1141 orantes
957 1095 1103 1152 soetsntur,

215 1217 221 1229 ,
306 1180 359 1218 non
377 1160 466 1218 solum
483 1158 586 1226 audire,
606 1159 654 1215 sed
672 1160 752 1215 etiam
764 1158 861 1216 relerre
872 1158 987 1217 domum
1002 1160 1106 1234 aliquid

303 1236 418 1313 inlustre
430 1241 457 1289 et
469 1233 582 1308 dignum
596 1234 726 1290 memoris
734 1231 841 1292 volunt:
861 1234 1105 1308 truduntqueinvi·

201 1306 206 1317 '
305 1328 373 1385 oum,
389 1325 421 1364 ao
433 1324 512 1381 saepe
523 1306 555 1365 in
568 1308 686 1366 oolonias
696 1326 728 1365 uo
735 1309 886 1381 provinoias
894 1326 961 1365 suas
970 1312 1103 1377 saibunt,

304 1388 362 1440 sive
380 1398 477 1439 sensus
495 1382 596 1457 aliquis
614 1392 708 1458 arguro
721 1391 747 1439 et
759 1383 835 1441 bravi
848 1385 981 1440 sententia
995 1385 1103 1452 effulsit,

252 1510 257 1516 .
305 1460 363 1514 sive
372 1457 446 1515 loous
456 1459 592 1533 exquisito
603 1466 629 1514 et
640 1459 742 1531 poetioo
750 1457 825 1514 cultu
833 1459 939 1515 enituit.
972 1460 1105 1550 Exiqitur

306 1534 377 1588 enim
387 1535 441 1589 ianr
451 1534 485 1589 ab
493 1542 594 1590 oratore
603 1534 682 1589 etism
692 1534 811 1605 poeticum
819 1532 907 1599 deoor,
918 1552 975 1590 non
984 1535 1054 1592 Attin
1062 1546 1105 1591 aut

305 1609 414 1664 Pacuvii
424 1616 531 1683 veterno
539 1609 706 1681 inquinatus,
718 1607 766 1663 sed
774 1624 809 1667 ex
817 1608 916 1665 llorstii
925 1618 951 1663 et
960 1609 1073 1685 Virgilii
1080 1620 1105 1665 et

305 1684 405 1739 Luonni
416 1684 529 1739 monario
537 1682 666 1756 prolatus.
697 1683 799 1741 Horum
809 1684 892 1757 igitrn
898 1684 1017 1742 nuribus
1025 1693 1054 1741 et
1063 1687 1105 1741 iu·

305 1758 383 1814 diciis
391 1757 576 1831 obtemperans
586 1764 736 1820 nostrorum
746 1764 879 1813 oratorum
888 1766 972 1826 aetss,
986 1760 1104 1833 pulcrior

306 1841 331 1909 et
344 1833 458 1889 ornatior
471 1834 580 1889 exstitit.
618 1833 713 1906 Neque
725 1831 786 1890 ideo
800 1833 892 1889 minus
904 1832 1031 1891 eiiioeoas
1043 1844 1103 1891 sunt

305 1910 435 1965 erutiones
448 1916 562 1975 nostrus,
580 1908 646 1981 quia
658 1906 693 1962 sd
704 1923 783 1963 aures
794 1907 1052 1967 iudisantium'onm
1060 1928 1105 1966 sn

307 1983 405 2057 luptate
417 1984 585 2057 perveniunt.
624 1981 697 2049 Quid
709 1982 793 2049 enim,
812 1981 999 2041 siinfirmiora
1008 1985 1104 2042 borum

306 2068 454 2131 temporum
464 2057 672 2129 templsoredas,
678 2057 743 2130 quis
751 2074 806 2114 non
814 2057 876 2115 rudi
885 2069 1026 2117 caemento
1034 2061 1106 2117 etin-

306 2131 436 2190 iormibns
449 2132 547 2207 tegulis
563 2139 748 2199 exstruuntur,
764 2130 817 2190 'sed
830 2148 963 2189 marmore
977 2135 1068 2191 nitent
1080 2144 1105 2190 et

306 2226 369 2263 suro
379 2207 533 2265 radiantur?

359 2284 402 2339 il.
422 2282 554 2355 Equidem
575 2281 656 2338 fateor
668 2280 746 2338 uobis
764 2281 931 2355 simpliciter,
947 2299 994 2339 me
1005 2285 1105 2357 inqui·

306 2357 420 2413 busdam
434 2359 605 2430 antiquorum
619 2358 667 2413 vix
679 2358 777 2423 risum,
796 2357 826 2412 in
839 2357 1007 2429 quibusdem
1017 2367 1102 2414 antem

306 2432 352 2485 vix
362 2448 487 2487 somnum
496 2441 593 2487 tenore.
632 2424 688 2488 Neo
697 2431 1103 2505 unumdspoputnfflnuunm

305 2514 351 2560 sut
364 2506 472 2561 Arrium
486 2508 662 2573 Furniumve,
681 2506 834 2572 nominanti,
852 2524 980 2580 quosque
996 2508 1101 2564 aliosin

305 2580 396 2636 eodem
411 2580 602 2638 valetudinario
614 2582 681 2637 bueo
691 2598 753 2637 ossa
765 2582 865 2656 etlheee
871 2582 972 2637 msoies
980 2583 1100 2653 probant

306 2658 365 2729 lpse
373 2656 442 2712 mihi
452 2655 561 2722 Calvus,
573 2674 637 2712 oum
646 2662 768 2712 unumst
778 2657 883 2731 viginti,
895 2664 925 2711 ut
933 2665 1011 2727 puto,
1024 2656 1101 2712 libros

306 2730 452 2804 reliquerit,
472 2732 521 2787 vix
534 2732 563 2786 in
578 2748 632 2787 una
646 2739 692 2788 sut
700 2730 782 2786 altera
790 2730 955 2787 oratiuncula
965 2731 1098 2787 satisfacit

306 2806 361 2860 Neo
369 2806 509 2863 dissentire
519 2812 617 2861 eeteros
627 2805 662 2859 sb
671 2804 722 2861 hoo
730 2821 792 2861 meo
799 2805 900 2873 iudioio
908 2805 998 2861 video.
1017 2805 1101 2872 -ouo-

307 2890 350 2935 tus
364 2882 436 2935 enim
450 2882 568 2953 quisque
582 2878 658 2935 Calvi
670 2879 827 2935 inrisitium
839 2889 886 2936 aut
897 2880 926 2935 in
936 2880 1058 2935 Drusum
1067 2879 1101 2935 to

306 2953 363 3027 git?
390 2955 425 3011 'At
442 2955 553 3012 lloroule
571 2955 600 3010 in
622 2953 762 3009 hominurn
781 2954 963 3020 studiosorum
972 2955 1101 3012 manibus
