2559 3692
194 448 322 523 muru)
410 425 793 523 uts.11.can.ss÷os.
886 455 888 458 ’
950 457 995 510 ttt

194 558 359 625 donativum
369 566 394 613 at
404 558 496 617 deesse
503 560 654 631 pecuniam,
667 560 758 615 omnia
766 558 818 615 alis
827 560 908 618 militi
919 562 1000 637 largi-

194 634 304 688 ebatur.
345 634 445 694 Liberti
459 635 611 705 principum
626 639 743 703 cootms
750 652 801 702 pro
810 650 917 691 mamm
925 655 999 693 mco

195 713 339 777 cipimum,
352 708 529 774 attributum,
541 709 619 765 iussi.
640 709 710 779 lpse,
720 706 777 764 sola
787 710 916 781 perdendi
925 727 998 777 carra,

195 781 306 839 stabula
327 783 429 855 aurigis
447 786 602 839 exstrueret
626 780 729 839 circum
742 783 918 863 gladiatorum
933 784 1001 840 fera-

196 874 319 929 rumque
342 857 500 929 spectaculis
522 858 643 929 opplere:
677 865 815 930 tamquam
837 860 868 915 iu
893 876 1000 917 summa

196 931 374 996 abundantia,
385 932 513 1003 pecuniae
521 932 653 988 inludere.
690 952 692 957 ·
739 932 743 941 '

220 1024 223 1029 ·
253 1007 299 1061 95.
315 1002 392 1071 'Quin
413 1014 438 1060 et
457 1006 570 1062 natalem
584 1004 683 1061 Vitellii
697 1004 768 1061 diem
782 1005 894 1061 Caecina
907 1024 939 1061 ac
949 1008 1000 1062 Va-

197 1076 268 1146 lens,
281 1078 360 1135 editis
369 1088 420 1135 tota
430 1082 496 1135 urbe
506 1082 613 1136 vicatim
623 1075 814 1155 gladiatoribus
823 1080 998 1149 celebravere,

196 1153 309 1285 ῑῐὲἓὲηιί
323 1163 416 1243 paratu
434 1163 460 1209 ct
478 1166 536 1209 ante
546 1155 634 1285 (piam
646 1154 849 1285 dlem‘disolqul
887 1156 998 1286 [ἔξω

261 1246 357 1286 rssrmo
370 1246 413 1284 cur
453 1246 476 1295 e,
493 1247 507 1284 a
527 1248 544 1284 u
612 1245 726 1286 nostum
756 1246 786 1284 ae
829 1248 863 1296 r,
952 1248 1000 1286 ex·

199 1306 311 1359 structis
325 1304 353 1358 in
368 1244 462 1377 camqplc
470 1248 563 1360 Malitio
573 1305 636 1369 aris,
658 1248 996 1361 inforissNeroniqllecisset.

199 1379 300 1435 Caesae
308 1378 415 1451 publice
427 1379 547 1434 victimae
556 1386 752 1451 cremataeque:
772 1378 855 1434 facem
864 1380 999 1455 Augusta·

198 1452 408 1509 lessubdidere:
433 1454 505 1527 quod
524 1454 708 1519 sacerdotium,
720 1460 764 1519 nut
780 1454 911 1510 Romulus
924 1455 999 1510 Tatio

198 1529 269 1603 regi,
285 1528 321 1583 ita
336 1528 431 1590 Caesar
445 1528 566 1583 Tiberius
581 1528 663 1583 Iulias
675 1529 748 1601 genti
765 1530 886 1597 sacravit.
925 1530 998 1585 Non·

199 1603 267 1659 dum
278 1610 389 1675 quartus
399 1621 414 1657 a
423 1604 532 1659 victoria
546 1604 656 1667 mensis,
670 1610 697 1657 et
708 1601 819 1657 libertus
827 1602 927 1659 Vitcllii
938 1605 999 1659 Asi-

199 1678 287 1733 aticus
300 1676 454 1753 Polycletos,
470 1678 604 1732 Patrobios
621 1684 647 1731 et
656 1684 742 1731 vetera
756 1676 877 1732 odiorum
890 1680 998 1735 nomine

199 1752 341 1825 aequabat.
380 1752 465 1807 Nemo
479 1754 512 1813 ¹iu
532 1750 578 1805 illa
593 1750 653 1805 aula
667 1750 795 1821 probitate
808 1758 854 1807 aut
867 1752 998 1807 industria

198 1827 324 1883 certavit:
344 1842 431 1883 uncam
449 1826 482 1882 ad
501 1826 645 1899 potentiam
665 1825 724 1889 iter,
743 1825 865 1897 prodigis
877 1825 965 1897 epulis
974 1836 1000 1883 et

199 1908 313 1973 sumptu
323 1916 460 1977 ganeaque
469 1898 564 1955 satiare
573 1896 853 1971 inexplebilcsvitellii
862 1899 997 1957 libidines.

198 1978 261 2049 lpse
278 1975 383 2050 abundo
397 1984 480 2042 ratus,
495 1976 519 2030 s'i
532 1975 717 2047 praesentibus
731 1974 877 2043 frueretur3
906 1976 999 2031 necin

197 2050 308 2125 longius
321 2051 482 2116 consultans,
497 2052 588 2106 novics
598 2048 697 2105 millies
707 2051 856 2105 sestertium
867 2045 999 2121 paucissi-

199 2128 254 2182 mis
265 2122 403 2181 mensibus
413 2126 592 2181 intervertisse
600 2125 725 2179 creditur.
761 2124 998 2199 Magnaetmisera

197 2202 305 2266 civitas,
317 2200 409 2256 eodem
418 2217 487 2258 anuo
496 2199 626 2261 Othonem
631 2195 824 2272 Vitelliumqus
831 2217 921 2271 passa,
928 2201 998 2255 inter

198 2276 304 2341 Vinios,
315 2275 421 2341 Fabios,
431 2274 521 2340 lcelos,
534 2276 754 2339 asiaticarum
762 2282 788 2330 ct
795 2275 918 2347 pudenda
928 2284 998 2331 sorte

199 2350 307 2428 agebam
336 2350 420 2405 donoc
442 2356 593 2407 successere
609 2349 754 2405 Mucianus
770 2357 796 2405 ct
812 2350 954 2412 Marcellus
972 2358 999 2405 et

199 2425 288 2499 magis
298 2423 344 2499 *lii
354 2425 486 2490 hominos,
497 2442 579 2497 quam
591 2424 636 2479 alii
648 2440 744 2485 mores.

230 2502 233 2509 ’
253 2503 297 2555 96.
318 2500 407 2555 Prima
420 2498 525 2556 Vitellio
538 2499 628 2555 tertiae
643 2498 755 2573 legionis
766 2498 878 2557 deiectio
886 2502 998 2555 nuntia·

200 2584 253 2639 tur,
265 2575 359 2630 missis
368 2574 402 2629 ab
411 2573 514 2646 Aponio
523 2572 667 2630 Saturnino
676 2573 805 2646 epistolis,
816 2582 960 2646 antequam
971 2575 998 2630 'is

198 2666 309 2723 qnoque
318 2649 473 2721 Vespasiani
483 2649 604 2721 partibus
612 2648 809 2723 adgregaretur.
847 2648 900 2704 Sed
910 2651 1006 2721 neque>

199 2724 321 2799 Aponius
335 2731 485 2790 cuncta-ut
498 2724 632 2795 trepidans
648 2741 677 2779 rc
687 2723 787 2789 subita,
797 2725 996 2795 perscripserat,

197 2807 224 2855 et
236 2800 319 2855 amici
333 2798 472 2863 adulantes,
480 2797 588 2855 mollius
600 2799 852 2870 interpretabantur:
873 2803 952 2853 anius
961 2802 998 2852 lo·
1043 2802 1048 2818 ¹

197 2879 283 2944 monis
297 2891 354 2929 cam
367 2878 529 2941 seditionem.;
552 2877 654 2928 ceteris
663 2876 821 2929 mootttbus
834 2880 952 2926 constare
966 2875 998 2937 fi·

197 2954 263 3003 dsm.
303 2948 425 3011 Inhunc
437 2947 555 3003 modum·
571 2948 652 3003 etiam
667 2946 791 3003 Vitellius
809 2945 881 3014 apud
900 2942 998 3018 milites
