2559 3692
298 438 347 492 tot
536 442 862 489 misceamus
960 432 1095 507 (amena

298 546 403 603 turbam
418 560 516 601 ausus:
537 550 572 609 et,
588 543 617 598 ni
631 542 794 598 datoaduce
801 542 1098 615 praesidiodeiensiio-

296 630 364 687 rent,
384 634 491 675 sacrum
510 620 590 673 edam
606 618 636 673 in
657 626 760 673 exteras
772 626 865 692 gentes
879 617 1030 691 legatorum
1041 621 1095 686 ius,

297 704 357 751 ante
370 697 430 767 ipsa
443 695 544 766 patriae
555 694 670 758 moenia,
685 692 774 748 civilis
782 694 871 748 rabies
880 694 1009 764 usquein
1019 696 1097 750 exiti·

297 788 345 827 um
355 776 518 825 temerasset.
556 767 736 839 Aequioribus
745 769 844 823 animia
852 768 953 839 accepti
961 776 1037 833 sunt,
1048 772 1096 841 qui

297 846 331 901 ad
342 845 489 901 Antonium
505 850 640 908 venerant,
655 860 711 899 non
722 843 787 915 quia
795 842 939 899 modestior
947 842 1039 909 mileo,
1049 844 1096 899 sed

296 922 359 977 duci
368 920 431 992 plus
440 917 611 973 auctoritatis.

352 999 394 1050 8⁴.
415 994 556 1048 Miscuerat
566 1008 594 1045 se
604 990 697 1064 legatis
705 992 846 1048 Musonius
854 989 952 1056 unfus,
963 994 1095 1064 equestris

296 1070 407 1133 ordinis,
423 1067 544 1123 studium
558 1065 744 1138 pbilosopblae
753 1065 882 1138 etpleeita
892 1065 1045 1123 Stoicorum
1052 1086 1095 1123 ae·

296 1144 428 1201 mulatus:
458 1142 656 1213 coeptabatque,
679 1142 829 1213 permixtus
847 1141 1007 1213 manipulis,
1027 1142 1095 1199 hom

296 1220 370 1292 pacis
384 1234 415 1272 ac
427 1215 491 1271 belli
505 1216 662 1271 discrimina
681 1216 827 1281 disserens,
848 1224 1093 1273 armatos-monere.

296 1294 326 1349 Id
335 1292 471 1365 plerisque
480 1290 606 1357 ludibrio,
618 1290 742 1363 pluribus
751 1291 851 1347 taedio:
863 1308 914 1347 neo
921 1290 1042 1359 deerant,
1047 1295 1095 1365 qui

295 1366 472 1441 propellerent
480 1364 727 1439 proculcarentque,
737 1366 777 1432 ni,
783 1366 921 1422 admonitu
929 1366 1096 1426 modestissi-

295 1444 334 1498 mi
345 1443 486 1513 cuiusque,
502 1450 527 1495 et
541 1440 601 1496 aliis
611 1441 808 1506 minitantibus,
818 1442 954 1497 omisisset
962 1442 1095 1515 intempe

295 1520 394 1573 stivam
407 1518 574 1589 sapientiam.
613 1515 715 1571 Obviae
728 1514 803 1571 luere
810 1523 838 1571 et
846 1516 965 1591 virgines
975 1517 1095 1590 Vestales

295 1610 358 1648 cum
372 1591 490 1664 epistolis
504 1590 613 1657 Vitellii,
635 1591 670 1646 ad
682 1590 829 1647 Antonium
847 1592 963 1663 scriptis.
1004 1593 1095 1649 Baiae

294 1683 413 1737 cupream
433 1671 569 1722 emtomtoi
580 1684 662 1723 onom
674 1671 750 1732 diem,
769 1664 932 1738 postulabat:
956 1671 982 1721 st
993 1684 1095 1723 meroen

293 1748 489 1807 interteotssent,
498 1746 605 1813 [acilius
614 1746 702 1797 emoto
711 1750 877 1798 woomtoro.
895 1740 1095 1815 virginemn

294 1818 394 1875 honore
409 1819 549 1873 dimusae:
569 1814 676 1874 Vitellio
689 1818 859 1888 rescriptum,
875 1815 969 1873 Solios*
982 1822 1095 1873 modest

294 1898 412 1953 incendio
425 1892 547 1962 Gaptroltt
556 1896 685 1963 dirempto
693 1895 754 1945 betti
762 1897 924 1948 conmercia.

337 1972 393 2025 ,82
413 1968 534 2023 Tentavit
551 1973 639 2021 tamen
657 1965 801 2032 Antonius,
821 1974 926 2035 vocatas
938 1967 975 2021 ad
988 1970 1096 2025 condo-

294 2060 357 2097 nem
367 2042 484 2115 legiones
494 2040 625 2113 mitigare,
640 2049 678 2104 ut,
688 2046 784 2096 nostris
795 2046 985 2111 toamponrem
993 2044 1096 2100 Molot-

293 2123 337 2171 um
345 2122 439 2185 positis
454 2119 921 2186 posterodieurtemiaprederentue.
938 2116 1096 2174 Ratiocun-

293 2191 392 2255 ctandi,
404 2208 438 2244 ne
447 2196 584 2261 asperatus
593 2188 695 2261 proelio
703 2188 791 2255 miles,
802 2208 857 2247 nen
865 2190 974 2263 populo,
985 2210 1043 2249 non
1053 2211 1096 2251 se-

293 2265 378 2330 natui,
393 2280 427 2319 ne
441 2263 548 2336 templis
558 2264 669 2337 quidem
680 2282 712 2321 ac
719 2265 840 2321 delubris
848 2265 960 2323 deorum
969 2268 1095 2324 conscie-

292 2347 341 2394 ret.
381 2338 433 2393 Sed
446 2356 553 2393 omnem
566 2339 750 2411 prolationem,
766 2348 797 2396 ut
807 2340 946 2398 inimicam
954 2343 1093 2409 viotoeiae,

292 2414 489 2485 suspectaba'nt.
505 2412 592 2470 Simul
602 2414 1096 2490 fulgentiaperocllesverilla,quom-

292 2506 375 2561 quam
385 2488 492 2543 inbellis
502 2490 620 2561 populus
629 2491 918 2563 sequereturr,spociem
927 2491 1038 2554 hostilis
1047 2511 1095 2549 ex-

291 2565 390 2619 ercitus
401 2562 523 2619 fecerant.
543 2566 687 2636 Tripartito
694 2566 811 2639 agmine,
821 2583 894 2638 pens,
904 2575 936 2622 ut
944 2568 1092 2633 adstiterat,

292 2638 424 2693 Flaminia
438 2639 491 2705 via,
507 2656 569 2711 pars
582 2642 657 2695 iuxta
665 2641 753 2712 ripam
762 2641 866 2697 Tiberis
875 2643 999 2711 incessit;
1020 2645 1097 2699 terti·

290 2716 340 2768 um
350 2730 446 2787 agmen
460 2730 508 2785 per
517 2712 646 2769 Salariam
656 2714 774 2771 Collinae
782 2724 873 2787 portae
883 2718 1094 2791 propinquabat.

291 2787 377 2843 Plebs·
384 2790 497 2863 invectis
511 2790 649 2862 equitibus
662 2789 736 2846 iuss:
756 2791 835 2849 miles
844 2792 1005 2849 Vitellianus
1014 2795 1095 2849 trinis

292 2865 388 2936 etipse
401 2863 542 2937 praesidiis
555 2865 678 2922 occurrit.
716 2866 818 2923 Proelia
830 2873 893 2921 ante
900 2867 997 2923 urbem
1006 2868 1097 2925 multa

292 2948 318 2994 et
326 2940 413 2996 ceria:
434 2939 483 2997 sed
491 2940 637 3010 Flavianis,
651 2941 872 2999 oonsilioducrun
881 2943 1093 3013 praestantibus.
