2559 3692
166 459 291 533 noan.)
375 467 744 514 brennensem.
844 519 848 526 ,
930 465 958 517 at

165 567 333 642 postulantes
346 575 486 623 venerunt.
524 567 624 622 Audire
639 568 802 624 conditiones
816 585 846 622 ac
857 569 965 626 reddere

165 643 286 716 perabat,
308 657 370 697 cum
388 643 543 714 praecipites
561 641 738 715 exploratores
757 643 963 699 odessehostem

165 718 334 773 nuntiavere.
374 718 539 788 Interruptus
561 718 729 774 tribunorum
749 733 851 773 sermo:
932 735 964 773 ue

164 795 300 848 incertum
310 791 370 857 fuit,
381 792 493 846 insidias
504 809 537 846 an
547 791 732 863 proditionem,
744 791 786 846 vei
796 793 905 864 aliquod
936 809 966 848 o-

165 874 276 922 nestum
301 865 442 922 consilium
466 867 651 939 coeptaverint.
691 865 816 932 Caecina,
843 867 964 922 dimissis

164 941 295 1005 tribunis,
305 947 425 996 revectus
434 941 464 996 iu
474 947 567 1006 cestre
578 941 669 996 datum
679 942 754 996 iussu
766 941 841 996 Fabii
847 941 964 996 Veientis

165 1031 275 1090 pugnae
288 1017 397 1089 signum
410 1022 435 1069 et
443 1014 556 1070 militem
567 1017 595 1070 iu
605 1017 687 1070 armis
695 1017 806 1071 invenit.
846 1017 915 1071 Dum
926 1014 965 1071 ie-

165 1093 261 1166 giones
275 1089 309 1144 de
321 1090 414 1146 ordine
427 1091 543 1163 agminis
552 1091 708 1153 sortiuntur,
759 1091 826 1145 uites
834 1107 965 1164 prorupe-

166 1183 209 1221 re:
231 1173 267 1230 et,
289 1165 389 1219 mirum
411 1163 493 1230 dictu,
514 1182 529 1219 a
548 1165 719 1236 paucioribus
759 1165 890 1221 thonianis
909 1183 963 1238 quo

167 1241 262 1296 minus
272 1240 302 1294 in
310 1239 412 1294 vallum
422 1239 632 1313 inpingerentur‚
644 1239 747 1294 italicae
757 1238 868 1314 legionis
878 1241 963 1295 virtu-

166 1314 403 1370 tedeterritisunt.
436 1313 474 1368 Ea
485 1315 583 1368 strictis
593 1314 766 1369 mucronibus
775 1314 861 1369 redire
870 1314 962 1386 pulsos

166 1397 193 1445 at
205 1405 327 1463 pugnem
341 1401 477 1443 resumere
490 1389 583 1462 coegit.
616 1385 753 1461 'uisposin
762 1387 962 1444 Vitellianarum

168 1465 306 1538 legionum
318 1463 387 1518 acies
401 1464 460 1518 sine
471 1461 657 1535 trepidatione:
677 1464 785 1528 etenim,
798 1481 962 1538 quemquem

167 1539 259 1594 vicino
272 1537 356 1601 hoste,
372 1537 511 1609 adspectus
525 1555 661 1594 armorum
674 1538 765 1593 densis
775 1539 890 1594 arbustis
902 1555 964 1610 pro-

167 1613 324 1669 hibebatur:
346 1613 416 1684 epud
426 1611 587 1668 Othonianos
596 1613 687 1684 pavidi
700 1611 790 1677 ducas,
801 1613 879 1668 miles
888 1612 965 1668 duci-

168 1688 221 1744 bus
241 1685 373 1753 intensus,
393 1688 478 1742 mixta
494 1686 616 1742 vehiculo
635 1695 662 1740 et
673 1685 752 1751 lixae,
768 1695 801 1751 et,
815 1689 964 1758 praeruptis

168 1764 308 1834 utrimque
326 1760 415 1826 fossis,
436 1762 480 1816 via
498 1762 588 1833 quieto
603 1777 712 1833 quoque
725 1762 826 1833 agmini
842 1771 962 1835 angusta.

169 1835 374 1893 circumsistere
393 1835 438 1891 elii
458 1836 534 1909 signa
550 1851 608 1901 sua,
629 1851 757 1907 quaerere
770 1834 828 1888 aiii:
850 1836 965 1890 incertus

169 1912 292 1984 undique
301 1911 400 1966 clamor
409 1909 810 1976 adcurrentiumvocitantium:
825 1917 859 1975 et,
869 1917 900 1963 ut
909 1909 966 1963 cui-

169 2003 223 2060 que
246 1985 358 2042 audacia
381 1984 424 2039 vel
443 1984 568 2051 formido,
589 1986 617 2040 in
638 1985 753 2057 primam
772 1992 967 2056 postremamve

170 2063 256 2118 aciem
264 2059 482 2133 prorumpebdnt‚
493 2068 539 2115 aut
548 2059 742 2115 relabebantur.

225 2137 269 2192 ts.
290 2133 427 2190 Adtonitae
441 2135 529 2190 subito
542 2141 638 2190 terrore
651 2141 752 2188 mentes
766 2131 862 2187 falsum
872 2132 967 2206 gaudi-

170 2228 217 2266 um
227 2211 257 2266 iu
268 2209 423 2283 languorem
433 2209 520 2274 vertit,
532 2210 651 2282 repertis,
664 2209 711 2280 qui
718 2213 853 2265 descivisse
860 2225 878 2262 o
889 2208 967 2263 Vitat-

171 2285 568 2340 iioenorottumementirentur.
607 2280 968 2355 iarumor,abexpiorctori·

169 2360 221 2416 bus
231 2357 489 2429 Viteliii‘dispersus¹
501 2359 571 2413 enin
580 2358 640 2430 ipsa
647 2356 759 2413 Othonis
768 2363 842 2430 parte
850 2355 968 2414 seudolo

171 2451 219 2490 seu
232 2433 300 2490 forte
314 2434 467 2498 surrexerit,
481 2448 577 2505 parum
586 2439 761 2505 compertum.
800 2429 907 2488 Omisso
915 2449 968 2505 pu-

171 2525 241 2584 gnae
257 2506 365 2572 ardere,
387 2505 528 2562 Othoniani
552 2507 621 2563 ultro
642 2506 803 2562 salutavere:
833 2513 859 2561 et
877 2506 968 2562 hostili

172 2599 314 2640 murmure
332 2583 448 2653 excepti,
474 2582 610 2654 plerisque
632 2588 743 2637 suorum
762 2581 876 2654 ignaris¹
899 2599 968 2654 quae

171 2675 266 2713 caussa
281 2655 425 2721 salutandi,
438 2664 539 2712 metum
548 2657 705 2729 proditionis
715 2656 808 2711 iecere.
847 2655 917 2710 Tum
926 2658 970 2711 in-

172 2733 266 2788 cubuit
279 2731 399 2788 hostium
409 2733 487 2796 acies,
498 2731 608 2806 integris
617 2731 767 2796 ordinibus,
783 2729 875 2786 robore
884 2737 969 2785 etum

173 2823 247 2862 mero
263 2807 454 2880 praestantior:
480 2805 638 2872 Othoniani,
658 2821 824 2879 quamquam
844 2804 967 2876 dispersi,

174 2882 323 2953 pauciores,
335 2880 408 2947 fessi,
420 2881 550 2952 proelium
560 2891 648 2936 temen
658 2881 752 2935 acriter
761 2895 909 2950 sumpsere.
935 2878 971 2931 Et

175 2954 971 3080 periocoserhoribusaovineisinpeditosrpnunapugnae

211 3031 319 3088 Taunus
340 3031 373 3086 ΙΙ.
851 3073 855 3076 .
