2559 3692
184 507 210 544 a.
226 506 251 543 c.
265 487 314 560 ro.)
403 497 480 541 nra.
499 493 519 542 1.
541 497 628 542 car.
651 493 773 542 tr-aa.
954 493 983 545 at

183 597 371 651 Tribunorum
387 595 514 650 Subrium
528 603 553 650 ot
563 595 682 651 Cetrium
693 596 793 650 milites
802 595 886 650 adorti
895 600 988 661 minis.

184 673 344 744 Longinum
360 671 484 724 manibus
499 680 617 725 ooeroent
631 681 836 742 exarmantqu03
857 673 921 742 quia
936 691 989 728 non

183 747 281 802 ordine
292 744 414 810 militiae,
425 745 496 800 sed‘a
506 745 604 802 Galbae
614 746 717 810 amicis,
724 745 795 800 lidus
804 746 921 817 principi
929 765 987 809 suo,

185 831 212 876 et
220 821 434 876 desciscentibus
443 823 591 892 suspectior
600 829 664 874 arat.
699 820 780 894 Legio
788 819 909 886 classina,
921 821 989 876 nihil

187 905 320 959 cunctata,
340 896 513 968 praetorianis
533 894 697 968 adiungitur.
736 893 836 969 Illyriai
858 897 990 952 exercitus

135 987 137 992 ·
188 970 262 1024 electi
283 969 393 1025 Celsum
412 972 524 1043 ingestis
543 968 607 1041 pilis
626 970 791 1040 proturbant.
831 969 991 1026 Germanica

188 1044 288 1100 vexilla
307 1042 355 1100 diu
374 1054 514 1112 nutavera;
535 1043 665 1100 'invalidis
684 1044 773 1099 adhuo
790 1045 946 1116 oorporlbns
965 1055 991 1100 et

186 1119 300 1192 placatis
310 1119 419 1184 animis,
431 1120 503 1191 quod
512 1136 566 1184 eos,
578 1137 593 1174 a
603 1120 707 1174 Nerone
716 1119 904 1174 Alexandriam
912 1137 990 1191 prae·

187 1196 298 1259 missos,
319 1203 400 1266 atque
417 1195 480 1249 inde
501 1205 596 1249 rursus
612 1192 690 1268 longa
704 1196 875 1268 navigatione
884 1212 987 1269 aegros,

185 1271 342 1342 inpensiore
351 1286 414 1324 cura
425 1269 507 1324 Galba
517 1267 659 1325 refovebat.

244 1348 289 1400 32.
309 1344 438 1399 Universa
451 1344 505 1398 iam
519 1343 596 1415 plebs
608 1343 738 1417 palatium
751 1343 879 1415 inplebat,
894 1346 988 1400 mixtis

187 1419 317 1483 servitiis,
333 1427 358 1473 et
371 1417 480 1474 dissono
493 1417 616 1484 clamore,
634 1423 736 1483 suadem
747 1419 854 1474 Othonis
863 1429 888 1473 et
898 1426 989 1475 conin-

186 1503 307 1548 ratornm
322 1499 433 1548 anitium
445 1495 622 1563 poscentium,
643 1502 674 1548 ut
686 1495 710 1548 si
724 1495 754 1548 in
768 1495 838 1548 oiroo
848 1511 879 1548 ac
888 1494 989 1551 theatro

186 1568 323 1623 ludicrum
343 1567 451 1640 aliquod
468 1567 646 1640 postularent:
665 1585 764 1640 neque
781 1568 837 1623 illis
855 1569 988 1624 iudicium

187 1653 233 1698 aut
243 1644 351 1708 veritas,
364 1645 475 1715 ·quippa
493 1643 584 1698 eodem
599 1642 642 1697 die
655 1642 759 1697 diversa
773 1645 831 1714 pari
845 1646 988 1700 oertamine

187 1717 362 1790 postulaturis
371 1723 384 1772 :¹
397 1719 445 1772 sed
455 1718 549 1772 tradito
559 1733 631 1771 more
641 1719 987 1790 quemcunqueprinoipsm

188 1792 325 1857 adulandi,
346 1791 452 1847 licentia
466 1791 687 1846 adclamationum
702 1799 728 1845 et
741 1792 839 1846 studiis
850 1793 986 1848 inanibus.

188 1868 298 1923 interim
309 1861 421 1923 Galbam
432 1864 501 1922 duaa
510 1867 655 1922 sententias
663 1865 833 1921 distinebant.
870 1867 902 1922 T.
912 1868 989 1923 Vini-

187 1961 230 2008 us,
251 1947 407 1998 manmdnm
420 1947 492 1996 intra
506 1945 616 2006 domam,
638 1945 787 2010 opponendo
800 1946 921 2006 servitio,
941 1947 989 2012 fir-

187 2022 296 2073 mandos
310 2022 406 2087 aditam,
426 2035 478 2072 non
491 2021 603 2072 anndnm
615 2021 651 2071 nd
663 2021 745 2072 iratos
757 2015 893 2071 censebat:
914 2021 989 2072 daret

187 2097 318 2148 malornm
336 2096 514 2160 poenitentioe,
534 2097 609 2146 duret
623 2095 747 2146 bonoram
760 2097 896 2146 ommonem·
904 2098 989 2160 apoti-

188 2187 239 2223 nm.
279 2167 385 2222 steina
408 2173 508 2235 inpetu,
536 2170 602 2221 borao
628 2170 738 2221 oonsilio
758 2183 833 2222 mora
850 2169 987 2222 malesana.

188 2245 305 2312 Denique
318 2246 396 2296 eundi
408 2243 485 2306 nitro,
506 2247 530 2296 si
543 2245 668 2304 ratioait,
688 2245 865 2296 eandemmoar
873 2245 988 2312 [nonita-

189 2331 251 2375 tem:
271 2333 412 2386 repressus,
423 2321 448 2371 si
454 2321 590 2385 poenitent,
603 2321 631 2370 in
640 2319 728 2370 aliena
735 2325 868 2385 potestate.
938 2320 941 2327 “

242 2396 287 2448 33.
307 2385 492 2446 Festinandum
506 2392 598 2446 ceteris
612 2390 761 2457 videbatur,
777 2401 917 2461 antennam
931 2409 989 2447 nra-

188 2477 269 2524 semet
280 2468 402 2522 invalida
414 2469 497 2521 adino
512 2470 659 2522 coniuratio
669 2483 822 2535 pannosam.
862 2468 988 2535 Trepida-

189 2553 276 2599 taram
289 2545 368 2596 etiam
382 2541 511 2604 Othonem,
526 2545 572 2611 qni
583 2546 676 2612 furtim
687 2546 826 2610 diurnam,
837 2545 873 2595 ad
881 2545 988 2610 ipnoros

188 2622 294 2682 tantm,
311 2619 473 2672 annotatione
486 2633 554 2670 nano
568 2625 592 2670 at
607 2621 718 2686 sapnttin
737 2616 872 2671 terentium
891 2625 988 2684 tempus

187 2697 289 2750 imitari
298 2696 445 2762 principem
459 2696 551 2747 discut.
589 2691 650 2748 Non
658 2695 867 2760 anapeatandnm,
880 2700 910 2745 nt
918 2709 988 2746 oont-

186 2771 279 2838 post'tis
297 2771 401 2830 castris,
419 2767 507 2836 'solnm
524 2769 633 2821 invadat
650 2776 683 2830 at,
697 2773 878 2834 prospectante
893 2765 986 2828 Galba,

191 2841 346 2912 Capitolium
359 2847 444 2906 meat,
461 2845 522 2894 dnm
534 2845 651 2910 ennepius
659 2845 801 2908 imperator
811 2854 869 2894 oum
876 2843 987 2908 (ortibus

189 2921 279 2970 omitia
293 2921 376 2970 tanao
388 2932 421 2970 ao
435 2918 522 2970 limine
535 2925 608 2969 tanna
618 2919 721 2969 domam
729 2917 820 2976 cludit,
832 2915 988 2966 obsidionem

190 2994 311 3046 nimirum
325 2995 490 3046 toleraturus.
529 2991 562 3044 Et
573 2991 743 3058 praeclarum
755 2985 987 3041 inser-aisonmili-
