2559 3692
294 440 344 496 ata
460 448 488 494 c.
509 444 729 494 coaeternus
750 446 916 493 racrrus

294 548 393 603 adiecto
408 548 516 602 Martae
530 548 613 618 patris
627 546 743 611 nomine,
758 546 850 601 eodem
861 545 916 601 ioco
925 546 996 601 olim
1007 566 1096 621 reper-
1136 576 1137 623 p

294 630 358 687 tam,
374 630 599 694 monumentaque
611 630 637 675 et
647 618 764 675 tumulos
773 620 913 693 quosdam,
929 622 1096 680 Graecislit-

294 698 357 751 teris
366 695 681 769 inscriptos,inooufiuio
691 696 848 751 Germaniae
857 696 1044 769 Rhaetiaeque
1053 698 1097 753 ad-

295 771 468 827 huoexstare.
508 770 583 837 Quae
593 786 682 842 neque
691 770 847 825 confirmare
856 773 1039 843 argumentis,
1052 790 1096 827 ne·

293 844 677 919 quereieilereinanimoast:
698 846 1096 919 exingenioauoqrdsquede-
1136 864 1137 869 ¹

294 919 586 976 matvcladdatiidem.

1136 2402 1137 2431 i

350 998 374 1050 t.
396 995 455 1067 lpse
469 1009 560 1049 eorum
573 994 746 1065 opinionibus
755 992 858 1058 accedo,
872 995 921 1065 qui
933 994 1094 1050 Germaniae

294 1068 416 1142 populos,
435 1068 518 1123 nullis
531 1068 645 1123 aiiarum
658 1070 795 1123 nationum
811 1068 955 1123 connubiis
970 1070 1092 1135 iniectos,

294 1145 429 1216 propriam
448 1152 475 1199 et
492 1144 623 1197 sinceram
641 1151 668 1197 et
681 1151 783 1199 tantum
796 1144 840 1197 sui
854 1142 973 1199 similem
987 1155 1092 1218 gentem

295 1219 428 1274 exstitisse
436 1216 606 1272 arbitrantur.
617 1217 694 1273 Unde
702 1218 810 1273 habitus
820 1234 929 1289 quoque
938 1235 1090 1290 corporum.

294 1306 459 1365 quamquam
469 1292 499 1346 iu
507 1300 579 1349 tanto
587 1292 729 1348 hominum
740 1309 859 1357 numero,
866 1291 939 1349 idem
948 1295 1090 1349 omnibus:

295 1375 382 1422 truces
395 1374 422 1421 et
433 1366 547 1421 caerulei
559 1366 641 1434 oculi,
656 1368 752 1423 rutilae
763 1384 863 1432 eomas,
874 1384 973 1441 magna
983 1386 1091 1441 corpora

294 1448 435 1496 attentum
450 1441 483 1495 ad
496 1442 617 1513 inpetum
631 1441 728 1497 valida.
767 1442 877 1497 Laboris
889 1450 971 1514 atque
980 1460 1091 1515 operum

295 1533 348 1571 nou
358 1515 450 1570 eadem
463 1517 601 1589 patientia:
622 1517 789 1589 minimeque
800 1518 873 1571 sitim
883 1526 1050 1591 aestumque
1058 1528 1091 1574 to·

295 1590 387 1656 terere,
398 1589 495 1664 frigora
505 1599 584 1664 atque
593 1590 711 1645 inediam
721 1590 792 1647 coelo
801 1590 890 1647 solove
900 1592 1088 1649 adsueverunt

348 1668 375 1721 o.
396 1665 485 1731 Terra,
505 1668 552 1720 etsi
568 1666 705 1739 aliquanto
719 1668 807 1738 speeie
820 1666 915 1731 differt,
937 1668 965 1721 in
984 1670 1090 1724 univer-

294 1758 356 1795 sum
375 1749 463 1795 tamen
482 1750 528 1795 aut
545 1740 623 1795 silvis
641 1740 757 1806 horrida,
779 1750 825 1795 aut
839 1740 987 1812 paludibus
1003 1743 1088 1799 foeda:

294 1814 447 1881 humidior,'
460 1832 515 1888 qua
532 1814 649 1885 Gallias3
675 1816 817 1881 ventosior,
839 1834 892 1887 qua
912 1818 1046 1873 Noricum
1065 1836 1090 1873 eo

294 1892 458 1946 Pannoniam
473 1891 599 1962 adspicit:
619 1892 685 1945 satis
700 1888 787 1947 ferax:
807 1890 1000 1964 frugiferarum
1019 1894 1091 1949 arbo-

294 1983 354 2026 rum
365 1967 512 2044 inpatiens:
532 1964 810 2037 peoorum>soeounda3
822 1966 869 2020 sed
879 1964 1045 2040 plerumque
1053 1970 1091 2022 in-

294 2058 411 2113 procera.
450 2041 490 2096 Ne
503 2041 630 2094 armentis
644 2039 754 2111 quidem
769 2058 836 2095 suus
850 2040 933 2095 honor
947 2050 997 2097 aut
1011 2042 1090 2116 gloria

209 2111 215 2123 '
294 2116 402 2171 frontis:
422 2132 534 2170 numero
542 2114 668 2188 gaudent.
692 2115 799 2187 Eaeque
809 2113 879 2171 solae
888 2123 913 2169 et
923 2118 1091 2203 gratissimae

293 2206 358 2261 opes
367 2199 439 2246 sunt.
467 2190 614 2264 Argentum
622 2198 649 2245 et
658 2206 754 2245 aurum
764 2190 872 2261 propitii
882 2208 915 2244 an
925 2192 987 2245 rrati
999 2193 1039 2247 dii
1050 2210 1091 2247 ne-

293 2267 423 2337 gaverint,
444 2265 546 2322 dubito,
587 2266 642 2320 Nec
655 2273 742 2319 tamen
757 2264 964 2330 adfirmaverim,
989 2268 1090 2322 nullam

295 2338 453 2393 Germaniae
466 2357 562 2395 venam
577 2347 717 2413 argentum
726 2356 856 2395 aurumve
865 2340 985 2413 gignere.
1029 2342 1090 2409 Quis

295 2414 366 2467 enirn
381 2422 513 2469 scrutatus
526 2413 585 2471 est?
612 2414 781 2470 Possessione
794 2424 819 2469 et
832 2432 884 2470 usu
900 2414 974 2469 haud
983 2416 1090 2487 perinde

295 2488 463 2542 adiiciuntur.
502 2489 551 2544 Est
559 2489 1090 2564 videreapudillosargenteavasadega-

295 2563 330 2616 tis
343 2572 369 2616 ot
383 2563 551 2635 principibus
563 2582 656 2620 eorum
670 2565 776 2619 muneri
786 2564 855 2628 data,
866 2581 918 2619 non
930 2565 960 2619 in
970 2564 1025 2619 alia
1036 2567 1091 2622 vili·

295 2645 521 2709 tate,quamquae
529 2638 613 2695 humo
622 2639 774 2713 finguntur:
788 2656 953 2711 quamquam
964 2642 1088 2711 proximi,

294 2712 329 2767 ob
339 2729 420 2766 usum
430 2715 659 2779 commerciorum,
676 2732 773 2769 aurum
785 2715 1001 2787 et‘argentum‘in
1011 2716 1090 2787 pretio
1136 2758 1137 2763 κ

295 2787 402 2850 habent,
423 2785 576 2858 formasque
594 2788 725 2859 quasdam
743 2797 847 2845 nostrae
865 2791 995 2859 pecuniae
1014 2807 1090 2863 agno-

296 2868 463 2933 souutatque
472 2860 588 2934 eligunt:
608 2862 746 2917 interiores
756 2863 907 2935 simplicius
918 2874 944 2917 et
954 2866 1090 2936 antiquius

297 2937 488 3006 permutatione
508 2936 637 2991 marcium
658 2943 778 2991 utuntur.
819 2938 961 2993 Pecuniam
982 2939 1090 3009 probant
1136 2934 1137 2941 ’
