2559 3692
323 420 374 477 est
562 422 892 471 nissouttuuu
983 416 1127 492 (ωερε.

349 552 354 559 ·
378 530 404 583 8.
424 526 521 601 ttrgna
533 540 596 599 pars
608 524 719 596 Iudaeae
726 524 797 580 vieis
807 523 979 599 dispergitur.
1019 526 1130 584 liabent

323 611 348 659 et
366 600 473 674 oppida.
512 599 694 675 lliuosolymn
710 599 784 673 gehti
803 608 895 672 caput:
915 599 972 655 illio
983 600 1130 657 inmensae

322 679 473 749 opulentiae
481 674 621 748 templum.
640 674 779 746 Etprimis
787 675 962 731 munimentis
972 675 1052 743 urbs,
1062 676 1130 733 dein

323 754 406 826 regin.
444 751 586 822 Templum
600 749 712 805 interius
724 746 861 805 drusum:
879 748 916 805 sd
932 748 1002 805 lores
1018 758 1129 807 tantum

323 827 420 883 ludseo
432 825 543 899 aditusa
555 824 658 888 limine,
672 830 774 896 praeter
782 820 939 897 sacerdotes,
952 824 1126 883 aroohantur.

323 903 394 957 Dum
412 901 537 975 Assyrios
551 916 633 971 penes
645 898 789 971 Medosque
802 906 829 954 et
841 899 934 953 Persas
948 896 1048 955 Oriens
1062 901 1125 967 fuit

323 973 792 1049 despectissimaparsservientium:
812 980 955 1046 postqum
964 974 1127 1031 Macedones

323 1058 502 1124 praepotuere,
518 1065 567 1103 rex
579 1047 737 1115 Antiochus,
752 1047 857 1103 &mere
868 1048 1094 1121 superstitionem
1104 1060 1127 1105 et

324 1122 948 1195 momdneeorumdareadntnnquominus
959 1126 1125 1179 teterrimam

322 1207 429 1274 gentem
438 1198 468 1255 in
477 1196 576 1253 melius
583 1206 707 1263 mutaret,
723 1196 880 1259 Parthorum
888 1196 958 1253 hello
967 1198 1125 1270 prohibitus

323 1282 372 1329 est.
410 1274 479 1328 Nem
496 1290 527 1327 ea
549 1280 703 1345 tempestate
720 1272 831 1327 Arsaces
852 1271 1010 1329 desciverat.
1030 1290 1032 1294 ’
1051 1275 1124 1331 Turn

320 1344 423 1413 'ludaei
429 1347 617 1404 Maeedonibus
626 1346 872 1421 invalidis,Parthis
880 1347 1000 1403 nondum
1009 1348 1121 1415 adultis,

321 1422 358 1497 (et
366 1422 478 1479 Romani
489 1422 581 1494 proeul
591 1420 675 1494 erant)
683 1422 736 1491 sihi
747 1422 800 1494 ipsi
809 1439 885 1495 reges
893 1422 1054 1495 inposuere:
1076 1426 1122 1497 qui

322 1497 468 1555 mobilitate
476 1496 553 1571 vulgi
562 1496 679 1569 expulsi,
693 1504 829 1569 resumpta
837 1496 885 1569 pe'r
894 1514 968 1553 arma
977 1498 1123 1555 dominati-

322 1590 382 1639 one,
393 1572 471 1648 fugas
479 1574 591 1638 civium,
602 1571 713 1627 urbium
721 1573 881 1638 eversiones,
893 1570 1022 1642 fratrum,¹
1029 1576 1122 1631 eoniu-

322 1666 399 1723 gum,
417 1655 558 1720 parentium
573 1662 652 1702 neces
661 1645 766 1719 elinque
777 1646 853 1703 solita
863 1648 972 1721 regibus
982 1650 1056 1716 ausi,
1077 1668 1123 1705 sn·

282 1719 293 1734 “
322 1720 1122 1797 perstitionemlovebant,quiahonorsaoerdotiifirmhmen-

322 1809 381 1855 tum
389 1797 729 1872 potentiaeedsumehatur.
971 1818 975 1827 ·

376 1877 403 1930 9.
422 1874 602 1930 Romanorum
615 1872 721 1945 primus
735 1870 786 1927 (ln.
798 1872 940 1943 Pompeius
952 1872 1067 1930 Iudaeos
1077 1874 1122 1930 do-

322 1951 405 2005 muit:
425 1948 610 2024 templumque
618 1946 678 2002 iuro
686 1947 810 2002 victoriae
819 1947 957 2021 ingressus
967 1954 1018 2003 est.
1057 1950 1121 2004 inde

321 2023 472 2099 uulgatum,
492 2020 566 2077 nulla
579 2023 653 2077 intus
666 2021 748 2077 deum
762 2020 850 2095 effigie
863 2040 975 2078 vacuam
989 2022 1087 2079 sedem
1099 2033 1122 2079 et

320 2100 526 2154 inaniaareena.
565 2095 898 2170 Murittieresotymorum
917 2096 1015 2168 diruti,
1038 2092 1121 2155 'detn-

321 2172 402 2228 hrum
412 2173 518 2229 mansit.
557 2172 630 2236 Mox,
646 2168 727 2226 civili:
736 2172 805 2245 inter
820 2188 869 2227 nos
881 2172 962 2245 hello,
975 2180 1119 2247 postquam

320 2247 351 2301 in
364 2247 490 2303 ditionem
505 2242 543 2301 tt.
554 2246 661 2302 Antonii
675 2246 826 2318 provinciae
835 2255 977 2312 desserant,
996 2265 1048 2305 rex
1057 2250 1120 2304 Per-

322 2321 429 2376 thorum
447 2322 561 2376 Paoorus
579 2321 675 2376 ludusa
694 2321 803 2392 potitus,
826 2320 1037 2395 interfectusque
1054 2341 1073 2379 a
1091 2325 1119 2378 P.

323 2394 453 2460 Ventidio,
473 2403 500 2449 et
513 2396 602 2451 Parthi
622 2404 694 2451 nans
702 2394 855 2467 Euphraten
865 2396 985 2457 redacti:
1007 2398 1118 2455 Iudaeos

321 2470 353 2525 G.
365 2469 457 2525 Sosius
466 2469 582 2543 subegit.
601 2471 734 2544 Regnum,
748 2470 899 2541 absintonie
908 2471 1006 2528 Herodi
1015 2472 1118 2538 dutum,

322 2546 406 2602 detor
425 2544 565 2620 Augustus
580 2546 664 2601 auxit.
704 2546 766 2601 Post
780 2554 895 2603 mortem
907 2546 1031 2613 Herodis,
1051 2547 1120 2605 nihil

321 2628 471 2692 exspectato
484 2618 604 2686 Caesam,
615 2619 689 2675 Simo
698 2620 809 2693 quidam
818 2622 923 2694 reglum
933 2638 1033 2679 nomen
1043 2623 1120 2683 inua-

321 2702 401 2751 serat.
421 2693 625 2761 lsaQuinotilio
633 2694 712 2759 Vero,
722 2695 856 2751 obtinente
865 2692 981 2770 Syriam,
989 2698 1117 2769 punitus:

322 2778 352 2825 et
365 2777 471 2843 gentem
488 2770 627 2824 ooeroitm
647 2767 723 2824 liberi
738 2770 848 2827 Herodis
865 2770 996 2842 tripertito
1007 2766 1117 2829 'rexere

321 2842 379 2899 Suh
398 2842 607 2914 Tiberio'quies.
646 2838 712 2899 Dein
725 2844 795 2901 iussi
809 2863 824 2900 s
839 2844 869 2901 C.
881 2844 992 2903 Caesare
1001 2846 1118 2921 effigiem

323 2918 382 2974 eius
395 2915 535 2995 intemplo
549 2916 642 2985 locare,
663 2934 737 2973 arma
751 2920 841 2991 potius
860 2938 1017 2993 sumpsere:
1037 2940 1118 2995 quem
