2559 3692
301 463 335 518 22
541 472 872 522 maronrnnnn
964 467 1099 540 (enam

301 587 353 634 sm,
363 575 388 626 ai
399 587 535 628 metans
549 581 637 628 team
646 576 828 637 multitudinis,
839 585 872 639 et,
883 578 1101 644 pampica-ionae

301 648 378 711 eunt,
395 652 485 716 primo
502 651 649 716 todtpnotio
667 652 839 717 emmonem.
875 651 987 713 Proinde
1004 655 1100 716 intuto,

301 738 368 792 quoe
381 726 518 776 indecoro:
536 726 585 780 cel.
600 728 625 777 at
639 727 732 778 rodae
743 740 844 777 neceam
855 730 900 788 sit,
912 729 1102 779 macerandum

301 800 455 852 discrimini.
492 797 525 850 Id
545 796 639 853 Othoni
657 802 819 861 invidiosior,
839 809 865 854 et
876 802 942 868 ipssa
959 802 1101 853 boontem

236 880 240 887 ’
301 869 502 958 Repugnontem
516 870 581 926 huic
594 874 738 926 sentemme
751 872 863 928 Vinium
876 874 946 928 Laco
961 875 1102 928 minaciter

301 945 410 1011 invasit,
420 943 574 1001 stimulante
583 946 660 1009 Icelo,
674 947 772 1018 privati
780 947 836 1002 odii
844 947 999 1020 pertinacia,
1009 949 1039 1002 in
1048 965 1103 1020 pn-

301 1020 403 1076 blicum
413 1021 536 1076 eduum

356 1097 399 1150 at.
420 1095 475 1150 Nec
488 1094 591 1152 diutim
603 1095 688 1152 Galba
701 1103 850 1161 cunctatus,
865 1097 1024 1168 speciosiora
1036 1114 1104 1151 sua-

301 1168 427 1225 dentibus
441 1171 560 1226 accessit.
599 1171 766 1226 Praemissus
782 1180 871 1225 nmen
885 1173 915 1226 in
927 1180 1013 1226 castra
1026 1172 1101 1236 Piso,

302 1253 332 1298 ut
345 1244 452 1300 iuvenis
467 1263 564 1319 magno
579 1247 697 1311 nomine,
716 1247 814 1301 recenti
823 1244 921 1311 farore,
942 1255 968 1301 et
976 1245 1103 1301 infensus

284 1351 289 1362 ·
302 1319 332 1374 T.
344 1317 433 1384 Vinio,
449 1337 498 1374 seu
512 1321 575 1392 quia
589 1329 654 1386 erat,
668 1337 718 1376 seu
726 1322 792 1393 quia
801 1321 861 1375 irati
870 1322 907 1375 ita
916 1320 1053 1390 volebant3
1074 1329 1103 1376 et

302 1392 408 1449 facilius
420 1393 453 1449 de
462 1394 522 1450 odio
531 1395 656 1451 creditur.
686 1395 814 1452 Vixdum
824 1397 1104 1468 egresorisoneoo-

302 1470 389 1525 cisum
408 1467 543 1525 incastris
556 1469 698 1535 Othonem,
718 1488 805 1544 vagus
817 1471 937 1541 primum
947 1478 973 1524 et
981 1472 1102 1526 incarnis

301 1560 407 1600 rumor:
432 1561 504 1610 mox,
521 1553 552 1600 ut
564 1546 593 1600 in
609 1546 715 1618 magnis
732 1544 888 1609 mendaciis,
903 1544 1057 1601 intermisse
1070 1562 1103 1600 se
1154 1576 1155 1589 κ

302 1618 412 1691 quidam
424 1627 449 1674 et
458 1619 559 1676 vidisse
569 1619 752 1685 adfirmabant,
759 1618 866 1674 credula
874 1618 945 1676 fama
954 1620 1023 1674 inter
1031 1636 1103 1692 gau-

301 1693 393 1750 dentcs
402 1702 429 1749 et
437 1694 596 1751 incuriosos.
619 1694 696 1750 Multi
707 1695 911 1760 arbitrabantur,
921 1696 1102 1766 compositum

302 1767 465 1842 auctumque
478 1787 622 1835 rumorem,
643 1771 735 1825 mixtis
749 1771 803 1826 iam
816 1767 983 1836 Othonianis,
1004 1771 1053 1842 qui
1065 1769 1103 1826 ad

301 1843 466 1900 avocandum
477 1844 589 1901 Galbam
600 1845 666 1900 laeta
675 1843 742 1900 falso
750 1844 929 1918 vulgaverint.

357 1921 399 1975 35.
420 1919 558 1976 Tumvero
567 1937 619 1974 non
628 1919 746 1991 populus
756 1927 859 1973 tantum
867 1919 1012 1989 etinperita
1021 1915 1103 1988 plebs

301 1993 330 2048 in
340 1987 453 2066 plausus
463 2001 488 2048 et
497 1993 629 2048 inmodice
640 1993 738 2057 studia,
748 1993 796 2047 sed
806 1993 927 2064 equitum
937 1992 1059 2064 plerique
1069 2010 1103 2048 ac

301 2069 555 2140 sena'torum,positc
565 2075 637 2122 metu
648 2065 1100 2138 incauti,relractispalatiiloribus,

301 2159 379 2198 ruere
388 2143 471 2207 intus,
482 2159 513 2196 ac
524 2157 553 2196 se
564 2141 663 2198 Galbae
671 2151 810 2207 ostentare,
821 2151 986 2214 praereptam
994 2143 1048 2196 sibi
1055 2141 1103 2197 ul-

302 2219 400 2273 tionem
410 2223 565 2289 querentes:
586 2217 779 2290 ignavissimus
789 2219 906 2288 quisque
915 2226 950 2282 et,
962 2226 991 2272 ut
1000 2233 1043 2271 res
1052 2216 1103 2272 do-

301 2294 366 2356 cuit,
386 2293 416 2347 in
434 2291 553 2364 periculo
567 2307 620 2346 non
633 2309 760 2356 ausurus,
782 2293 859 2346 nimii
869 2288 969 2358 verbis,
990 2291 1103 2364 linguae

301 2366 414 2423 feroces:
436 2383 514 2434 nemo
524 2367 601 2432 scire,
612 2374 739 2422 etomnes
747 2366 901 2423 adfirmare:
915 2367 999 2421 donec
1008 2367 1100 2438 inopia

301 2442 368 2507 veri,
390 2449 555 2514 etoonsensu
575 2443 720 2497 errantium
740 2442 838 2507 victas,
859 2449 970 2512 sumpto
982 2441 1101 2506 thorace,

301 2516 396 2582 Galba,
411 2516 533 2573 inruenti
547 2516 650 2582 turbae,
671 2533 759 2588 neque
772 2524 863 2582 aetate
884 2532 973 2588 neque
991 2533 1102 2588 corpore

300 2591 408 2657 sistens,
420 2589 485 2646 sella
496 2590 635 2647 levaretur.
675 2590 779 2646 Obvius
791 2593 821 2646 in
829 2591 926 2663 palatio
935 2591 1021 2648 lulius
1030 2591 1103 2648 Atti-

301 2683 349 2724 cus
359 2665 518 2738 speculator,
538 2675 678 2722 cruentum
691 2666 811 2740 gladium
821 2675 965 2739 cenonas,
986 2673 1102 2722 moisem

301 2758 354 2797 ose
365 2741 495 2805 Othonem,
507 2740 679 2798 exclamavit:
699 2751 726 2798 et
735 2740 828 2806 Galba,
840 2745 987 2805 commilito,
997 2742 1099 2813 inquit,

302 2814 466 2888 pniaittsait?
484 2816 584 2890 insigni
593 2818 684 2872 animo
692 2816 726 2871 od
735 2815 905 2872 coercendam
914 2816 1055 2872 militarem
1065 2816 1101 2870 li-

301 2893 424 2958 centiam,
439 2892 605 2948 minantibus
618 2891 778 2965 intrepidus,
794 2890 923 2948 adeamus
931 2889 1099 2946 blandientes

301 2967 478 3040 incorruptus
969 3004 971 3009 -
