2559 3692
206 401 353 491 sisoi·
421 412 788 461 eruisciususz.
911 401 1008 476 ¹soa

261 510 306 562 8l.
327 506 396 562 Ante
408 506 471 561 ldus
486 500 567 563 iulias
581 507 658 583 Syrie
671 509 761 563 omnis
774 509 803 563 in
818 510 909 567 eodem
920 530 993 568 sacra

204 590 302 651 meum·
317 580 378 636 luit.
417 582 557 637 Accessere
576 600 639 638 cum
658 576 741 655 regno
760 582 917 650 Sohaemus,
934 586 1005 642 houd

156 677 159 683 ·
204 656 368 729 spernendis
378 656 496 727 viribus3
516 657 673 723 Antiochus,
683 658 795 712 vetustis
805 658 902 729 opibus
911 660 1006 733 ingens

185 794 188 801 ¹
203 740 229 787 et
238 732 447 787 inservientium
457 750 551 807 regum
561 732 722 787 ditissimus.
747 732 824 787 Mox
835 734 1006 804 perosuultos
1075 790 1080 799 ,

202 822 319 862 suorum
330 807 438 862 nuntios
448 808 550 863 excitus
559 807 593 861 eb
604 807 671 861 urbe
678 806 809 881 Agrippa,
818 808 911 881 ignaro
921 804 1008 864 sdhrio

202 880 323 946 Vitellio,
340 881 418 936 celeri
429 883 596 955 navigatione
605 889 801 953 properaverat,
839 884 894 937 Nee
905 884 1008 939 ndnors

203 958 299 1012 animo
318 956 410 1031 regina
427 956 553 1011 Berenice
570 964 659 1029 partes
676 956 795 1023 iuvabat,
813 955 910 1013 floreus
925 966 1007 1013 estate

203 1030 360 1103 formaque,
381 1040 406 1086 et
424 1032 482 1088 seui
501 1048 609 1105 quoque
626 1030 789 1103 Vespasium
811 1033 1006 1109 magnificentia

202 1122 352 1161 munerum
372 1114 455 1181 grata.
495 1105 634 1178 Quidquid
661 1106 860 1178 provinciarum
889 1106 1007 1163 adluitur

202 1181 286 1247 mari,
301 1179 364 1236 Asia
380 1188 459 1253 atque
470 1179 568 1236 Achaia
579 1188 667 1246 tenus,
680 1189 865 1255 quantumque
873 1183 1006 1238 introrsus

201 1258 233 1311 in
248 1255 363 1319 Pontum
379 1263 404 1310 et
417 1257 557 1312 Armenios
569 1257 689 1327 putescit,
704 1258 834 1317 tumuere.
873 1256 924 1311 Sed
933 1259 1006 1312 iner-

202 1347 265 1385 mes
274 1330 352 1405 lcgsti
367 1330 502 1405 regebant,
513 1330 632 1386 nondum
643 1330 740 1385 additis
750 1329 929 1402 Cappadocis
938 1332 1006 1406 legi-
1032 1331 1036 1338 ’

201 1404 314 1461 onibus.
353 1404 503 1461 Consilium
516 1406 549 1461 de
558 1422 664 1460 summa
674 1422 764 1460 rerum
773 1406 861 1480 Beryti
871 1406 1002 1462 habitum.

202 1479 273 1535 lllue
286 1480 427 1537 Mucianus
441 1496 504 1536 eum
518 1480 611 1555 legatis
625 1480 796 1553 tribunisque
809 1489 834 1535 et
843 1480 1005 1553 splendidis-

201 1555 276 1611 simo
289 1557 596 1627 qucquscenturionum
611 1572 642 1610 ac
655 1555 776 1617 militum<
787 1556 872 1611 venit:
894 1564 919 1611 et
935 1557 1006 1612 elu-

201 1630 282 1689 daicc
300 1630 417 1685 exercitu
437 1630 502 1686 lecta
519 1630 623 1686 decors.
663 1630 776 1685 Tantum
791 1630 874 1685 simul
882 1632 1004 1703 peditum

202 1705 383 1779 equitumque
401 1712 427 1759 et
445 1704 637 1761 aemulantium
654 1705 724 1758 inter
742 1722 772 1758 sa
788 1722 882 1778 regum
895 1716 1003 1779 paratus

201 1781 323 1854 speciem
333 1778 453 1835 fortunae
461 1778 618 1851 principalis
628 1776 774 1833 effecerant.

195 1884 197 1891 ·
261 1856 303 1911 82.
322 1854 410 1909 Prima
420 1853 485 1910 belli
493 1871 566 1919 curs,
577 1870 655 1927 egere
663 1851 791 1917 delectus,
801 1868 924 1909 revocare
932 1863 1004 1909 uete-

201 1946 294 1985 ranos.
333 1926 908 1996 Destinanturvalidaecivitatesexorcendis
917 1944 1004 1983 armo·

192 2021 266 2061 ‚rum
277 2002 404 2060 officinis:
421 2005 493 2076 apud
502 2003 694 2059 Antiochenses
703 2018 800 2059 aurum
810 2009 1004 2077 argentumque

201 2080 340 2154 signatur:
372 2096 456 2151 eaque
476 2087 569 2135 cuncta
587 2096 635 2151 per
653 2078 763 2133 idoneos
777 2077 924 2144 ministros,
945 2079 1002 2133 suis

199 2152 1001 2303 illutusiltlltltsulmltdttisllt

200 2320 287 2379 quem
301 2320 432 2372 coercere3
453 2305 518 2359 vitle
530 2304 616 2377 magis
629 2305 786 2368 amicorum,
798 2320 880 2375 quarn
891 2304 1002 2359 virtutes

201 2378 390 2435 dissimulans.
429 2377 527 2434 Multos
540 2376 1000 2450 praelectorisetprocurstionibus3

200 2454 345 2528 plerosque
359 2455 483 2509 senatorii
497 2452 598 2509 ordinis
612 2452 712 2508 honore
725 2452 867 2525 percoluit,
882 2455 1002 2527 egreglus

200 2531 275 2586 uiros
290 2536 316 2583 et
329 2544 393 2583 mox
407 2546 513 2583 summa
528 2528 647 2600 adeptos;
664 2528 832 2599 ‘quibusdam
841 2527 944 2584 lortuns
954 2542 1003 2601 pro

199 2604 349 2661 virtutibus
372 2602 432 2659 fuit.
471 2604 630 2660 Donativum
653 2600 733 2657 militi
755 2619 843 2677 neque
861 2603 1002 2659 Mucianus

199 2682 289 2753 prima
300 2679 433 2746 concione,
445 2680 499 2735 nisi
510 2678 622 2742 modice,
635 2678 797 2747 ostenderam
809 2676 1003 2749 novespusia·

201 2772 255 2809 nus
265 2754 375 2826 quidem
385 2754 448 2826 plus
458 2753 531 2809 civili
540 2752 611 2809 bello
617 2752 723 2819 obtulit,
734 2768 817 2825 quam
826 2750 873 2806 ulii
882 2751 912 2805 in
921 2766 1000 2823 paces

200 2829 308 2903 egregie
323 2828 417 2884 firmus
431 2829 559 2887 aduersus
573 2826 716 2883 militarem
729 2820 906 2903 largitionem,
918 2840 1002 2896 eoque

144 2944 147 2949 -
199 2904 320 2975 exercitu
340 2903 457 2961 meliore.
495 2904 572 2960 Missi
591 2901 625 2957 ad
644 2902 772 2973 Parthum
789 2900 1002 2969 Armeniumque
