2559 3692
371 431 576 479 nuntietis.
598 431 678 477 CAP.
698 431 739 477 ta.
759 430 800 497 ¹⁸?
935 429 984 481 313

183 553 227 601 ae,
245 533 455 605 siintrospioere
468 530 549 587 altius
561 530 639 597 velis,
649 531 743 603 ipsum
750 530 902 603 Apollinem
912 550 985 589 aoee·

183 612 293 683 pimus:
314 607 367 674 vel,
377 609 402 663 si
412 606 478 661 haee
488 605 607 677 labulosa
616 607 986 677 nimiseteompositaviden·
1022 619 1026 624 ·

185 694 241 750 tur,
257 682 326 739 illud
340 690 410 739 certa
422 681 492 745 mihi
501 680 632 746 eonoedis,
643 680 724 753 Aper,
734 698 788 740 non
796 681 928 741 minorem
936 682 986 737 ho-

184 775 280 815 norem
289 756 412 823 Homero,
424 774 506 830 quam
516 754 696 822 Demostheni,
706 756 781 827 apud
785 763 918 827 posteros:
938 773 986 812 nee

185 832 388 908 angustioribus
398 832 520 887 terminis
530 831 628 893 {amem
637 830 776 903 Euripidis
784 828 984 901 antSophoolis,

185 926 273 982 quam*
281 908 377 982 Lysiae
387 912 433 961 eut
444 904 596 981 Hyperidis,
607 904 719 961 includi.
753 904 846 960 Plures
855 904 935 961 hodie
943 924 987 961 re-

185 984 285 1056 peries,
297 982 346 1055 qui
354 981 489 1038 Ciceronis
498 979 620 1055 gloriam,
632 997 715 1052 quem
725 978 986 1053 quiVirgilii,detre·

186 1065 272 1139 otent3
293 1074 342 1111 nee
351 1055 523 1119 ultuststnii
532 1060 578 1109 eut
586 1053 715 1109 Messalae
724 1054 791 1109 liber
800 1054 985 1111 tam'inlustrie

186 1140 238 1201 est,
249 1149 332 1205 quam
340 1130 432 1185 Medea
442 1128 542 1195 Ovidii,
553 1136 599 1184 aut
607 1129 682 1185 Varii
691 1129 829 1203 Thyestes.

244 1210 293 1261 t3.·
307 1205 346 1261 ilo
364 1222 397 1261 ne
417 1204 549 1261 fortunam
569 1203 679 1277 quidem
693 1210 827 1259 ratumet
839 1202 908 1259 illud
922 1202 986 1261 felix

186 1281 393 1353 eontrrbernium
403 1296 554 1351 comparare
564 1278 700 1334 timuerim
709 1295 772 1333 cum
781 1278 986 1351 inquietaretur,-

186 1358 236 1413 xia
256 1362 388 1413 oratorum
407 1355 470 1410 vite.
509 1354 583 1409 Licet
601 1351 661 1407 illos
674 1354 818 1409 certamina
830 1353 985 1426 etperioula

188 1448 241 1486 sue
251 1428 284 1485 ad
293 1427 444 1485 consulatus
454 1428 598 1493 evexerint,
613 1426 819 1484 maloseourum
828 1430 985 1501 etquietum

187 1504 297 1579 Virgilii
316 1520 460 1569 secessum,
480 1503 509 1559 in
527 1520 582 1577 quo
600 1508 690 1557 temen
703 1519 821 1576 nequeo
839 1502 878 1558 nd
891 1503 984 1561 dirum

187 1579 342 1655 Augustum
357 1578 548 1657 gratiamur,
568 1586 660 1651 neque'
669 1576 742 1650 apud
749 1520 881 1650 populum
889 1577 987 1634 liema-

187 1672 257 1711 num
271 1656 371 1710 notitia.
411 1654 500 1709 Testes
515 1652 631 1729 Augusti
644 1652 777 1725 epistolas
788 1651 862 1707 testis
871 1652 930 1724 ipse
938 1669 988 1723 po-

187 1729 283 1803 pulus,
293 1729 342 1801 qui
352 1728 449 1787 auditis
459 1728 488 1783 in
499 1728 598 1783 theatro
608 1727 732 1801 versibus
740 1726 857 1801 Virgilii,
871 1727 987 1782 surrexit

187 1804 344 1871 universus,
359 1811 385 1858 et
397 1802 463 1859 lorte
475 1810 640 1875 praesentem
654 1808 869 1876 spectantemque
877 1800 988 1876 Virgili-

188 1897 239 1934 um
260 1885 398 1953 veneretus
414 1886 454 1933 est
468 1879 516 1945 sie,
538 1878 617 1951 quasi
635 1876 799 1952 Augustum.
837 1876 878 1931 Ne
890 1876 987 1932 nostris

187 1952 300 2027 quidem
311 1948 474 2025 temporibus
483 1950 622 2008 Secundus
632 1952 795 2025 Pomponius
804 1950 868 2008 Afro
873 1951 987 2007 Domitio

188 2029 232 2084 vel
243 2028 370 2102 dignitate
379 2027 494 2083 vitaevel
506 2028 679 2100 perpetuitate
686 2026 772 2083 minae
781 2028 897 2082 cesserit.
918 2027 986 2080 Nam
1007 2072 1011 2081 .

152 2130 155 2137 ·
188 2104 304 2175 Crispus
318 2103 368 2159 iste
380 2110 406 2159 et
418 2092 570 2169 Marcellus,
588 2103 622 2171 ad
631 2120 749 2176 qnorum
757 2100 878 2172 exemplu
887 2118 930 2156 me
941 2118 987 2155 vo-

187 2196 245 2245 oee,
261 2178 329 2251 quid
343 2176 440 2233 hebent
453 2178 481 2233 in
491 2176 541 2235 hac
555 2186 604 2233 au'e
614 2176 719 2233 fortuna
728 2174 987 2249 eoncupisoendnml

188 2252 263 2326 quod
277 2253 383 2319 timent,
400 2270 435 2309 an
449 2252 522 2325 quod
532 2251 676 2322 timentur?¹
693 2251 776 2325 quod,
795 2251 986 2325 eumquotidie

187 2328 293 2401 aliquid
306 2336 440 2401 rogentur,
461 2327 500 2393 hi,
520 2327 776 2400 quihuspreestant,
797 2326 853 2381 indi
891 2324 987 2383 antur?

189 2402 264 2475 quod
277 2402 386 2483 adligati
398 2419 461 2459 oum
477 2402 636 2468 adulatione,
656 2420 705 2459 nee
718 2403 858 2474 imperanti
878 2420 912 2457 us
924 2419 987 2457 um-

189 2494 273 2549 quam
286 2478 351 2533 satis
360 2478 431 2533 servi
442 2476 630 2544 videntur,neo
639 2478 717 2540 nobis
726 2478 791 2534 satis
800 2476 895 2533 liberii
913 2475 995 2549 Quae·

184 2552 256 2607 ¹haee
265 2568 372 2621 summa
386 2568 478 2609 eorum
487 2550 670 2625 potentiamt‘t
688 2552 802 2609 Tantum
812 2551 987 2623 posseliberti

190 2626 284 2683 solent.
324 2626 367 2683 Me
376 2644 439 2683 vero
448 2631 544 2693 detera,
555 2636 586 2683 ut
593 2626 724 2702 Virgilius
733 2629 779 2692 ait,
790 2629 890 2690 Mutae,
900 2644 988 2682 remo·

190 2709 250 2757 tam
265 2720 280 2756 e
294 2700 520 2759 sollicitudinibus
533 2702 650 2768 etouris,
671 2710 698 2761 et
705 2703 860 2759 nmessitate
868 2700 987 2773 quotidie

189 2776 294 2849 aliquid
304 2783 393 2833 oontm
402 2776 524 2833 animum
535 2775 657 2843 faciendi,
676 2777 761 2833 inille
771 2794 855 2841 sacre,
873 2775 988 2847 illosque

191 2849 276 2909 lentes
296 2849 393 2908 ierant:
425 2868 479 2923 neo
489 2852 615 2909 insanum
629 2851 699 2907 ulna
710 2859 737 2906 et
751 2850 885 2908 lubricum
900 2849 986 2922 forum

192 2924 345 3013 famemque
358 2924 501 2997 pellentem
515 2925 634 2998 trepidus
645 2926 775 2997 experiar.
813 2926 926 2982 Non-me
935 2924 989 2995 ire·
