2559 3692
292 468 340 524 338
526 472 576 520 DE
596 472 849 521 ottaromws

290 575 382 648 poerit,
398 580 469 629 tanto
482 572 559 629 altior
567 581 594 628 et
603 572 767 629 exoeleioret
778 573 835 629 illis
843 574 984 630 nobilitata
992 575 1095 633 ‹liseri-

290 650 410 706 minibus
424 649 453 703 ln
466 664 512 703 ore
524 648 665 703 hominum
678 649 743 722 agia,
763 666 881 721 quorum
890 666 921 705 en
932 659 1032 707 natura
1041 664 1092 716 eet,

291 732 322 781 ut
330 737 422 779 seoura
432 722 525 778 nolint.
792 728 798 742 ‘

345 802 387 857 38,
408 796 524 853 Transeo
534 794 567 852 ad
580 795 693 852 formam
701 796 958 852 etoonsuatnalinem
966 808 1093 855 veoerurn

290 872 465 929 indiciorum:
505 872 1093 947 uaeetsinnneaplimestoivitatieloqoen-

290 949 354 1004 tiam
369 956 456 1003 tamen
469 889 538 1002 illud
552 946 638 1003 lorum
650 947 738 1020 magis
747 946 895 1027 exeeeeloat.¹
903 948 1002 1020 inquo
1011 966 1092 1005 neme

290 1024 359 1078 intra
373 1023 549 1095 paucissimas
563 1018 641 1077 horas
650 1035 773 1092 perorare
780 1021 932 1095 negebatur,
952 1031 982 1077 et
990 1022 1092 1079 liberae

290 1096 577 1171 comperendinationes
586 1103 670 1160 erant,
676 1103 703 1150 et
710 1095 822 1151 modum
831 1095 938 1151 dicendi
946 1098 1004 1152 sihi
1012 1100 1092 1171 quis-

291 1189 344 1245 que
357 1171 487 1236 sumebat,
506 1178 532 1224 et
546 1186 676 1225 numerus
689 1185 778 1243 usqam
786 1170 891 1225 dierum
900 1188 993 1243 neqam
1001 1182 1091 1244 patro

291 1262 386 1303 norum
402 1244 551 1299 liniebatur.
591 1246 699 1300 Primus
712 1244 779 1299 liaeo
790 1245 867 1300 tertio
879 1245 1025 1302 consulatu
1037 1248 1088 1304 Cn.

290 1323 432 1391 Pompeius
451 1315 605 1385 adsuinxit,
630 1321 804 1391 inposuitque
821 1318 906 1375 voluti
924 1318 1017 1377 lrenoa
1036 1322 1090 1379 elo-

289 1396 422 1469 quentiae,
442 1396 587 1460 itatamon,
607 1393 953 1460 utomniainloro,omnia
969 1394 1088 1470 legibus,

289 1466 379 1526 omnia
398 1468 469 1541 apud
488 1477 619 1541 praetores
637 1476 806 1543 geremntur:
825 1468 899 1541 apud
907 1486 979 1541 quos
987 1481 1090 1544 quanto

290 1545 389 1599 maiora
409 1546 513 1619 negotia
530 1543 595 1599 olim
608 1545 725 1599 exemeri
739 1542 816 1600 solita
830 1544 894 1610 sint,
913 1545 990 1617 quod
999 1548 1089 1602 maius

290 1628 476 1693 argumentum
491 1625 539 1683 est,
558 1634 642 1693 quana
656 1618 729 1691 quod
743 1634 854 1673 unusne
867 1621 1087 1687 centumvitales,

289 1710 359 1767 qliae
367 1710 440 1748 nune
450 1696 566 1764 primum
575 1693 696 1749 obtinent
705 1693 802 1758 looum,
813 1692 878 1749 adeo
887 1692 1087 1765 splendoreali·

288 1784 366 1824 orum
376 1769 535 1824 iudiciorum
545 1768 734 1834 obruebantur,
746 1776 776 1823 ut
784 1784 873 1841 neque
881 1768 1031 1836 Cioeronis,
1041 1788 1088 1826 ne-

289 1860 344 1975 li?
357 1841 1087 1991 ittitliltlttl‘gtl‘a‘ltltltffln

290 1996 361 2050 viros
374 1994 461 2049 dietus
476 1993 587 2067 legatur,
602 1992 720 2064 exeeptis
727 1993 892 2049 orationibus
899 1993 1001 2061 Asinii,
1016 2013 1087 2069 qnae

286 2086 337 2139 pro
357 2072 508 2124 haeredibus
520 2068 645 2123 Urbiniae
658 2067 852 2134 inscribuntur,
874 2068 908 2123 ab
922 2070 985 2141 ipso
998 2078 1086 2126 tamen

254 2154 261 2181 ¹
289 2142 405 2200 Pollione
414 2143 510 2199 mediis
519 2141 575 2197 (liri
585 2140 701 2217 Augusti
710 2143 876 2215 temporibus
882 2142 1001 2211 habitae,
1013 2154 1087 2217 post-

289 2234 370 2291 quam
385 2217 463 2293 longa
477 2226 627 2290 temporum
639 2219 718 2290 quies
730 2218 922 2273 stoontinuom
931 2220 1030 2291 populi
1038 2222 1087 2275 oti-

289 2308 336 2348 um
346 2302 371 2347 et
381 2290 491 2347 adsidua
501 2300 608 2348 senatus
617 2292 796 2365 tranquillitas
804 2294 1086 2367 etmaximiprineipis

207 2434 210 2441 Ι
288 2365 428 2438 disciplina
439 2366 1084 2441 ipsamquoqueeloquentiam‚sioutomniaalia‚

289 2447 435 2514 pacaverat.
782 2476 786 2487 ι

344 2519 386 2573 39.
407 2516 522 2572 Parvum
535 2524 562 2573 et
577 2514 722 2573 ridlonlom
735 2515 846 2573 fortasse
858 2516 1004 2587 videbitur,
1012 2518 1087 2591 qnod

288 2591 408 2647 dicturus
432 2608 509 2648 sum:
539 2592 626 2648 dinam
647 2601 746 2657 tamen,
764 2591 887 2657 velideo.
907 2601 939 2647 ut
955 2593 1082 2649 rideatur.

288 2666 424 2734 Quantum
444 2666 602 2723 humilitatis
623 2675 752 2739 potamus
772 2666 938 2740 eloquentiae
955 2668 1085 2723 mantne

288 2741 415 2813 paenulas
425 2744 499 2807 istas,
511 2740 612 2814 quibus
621 2741 739 2796 adstricti
747 2750 775 2796 et
782 2740 964 2797 velutlnoluu‘
971 2745 1085 2798 οπιπίπ-

288 2816 394 2871 dicibus
413 2814 581 2870 fabulamur?
598 2823 729 2886 qnantum
750 2817 852 2871 virium
863 2816 1012 2872 detruxisse
1027 2835 1085 2873 ora-

288 2890 353 2944 tioni
367 2888 495 2944 auditoria
505 2887 669 2943 ottobularie
678 2890 822 2956 eredimus,
832 2892 862 2945 in
871 2891 974 2963 quibus
983 2892 1039 2946 iam
1048 2891 1084 2947 le

288 2978 317 3017 re
334 2962 587 3034 plurimaeoauesao
599 2962 784 3035 explieanturl
803 2966 873 3021 Nam
888 2965 1025 3038 quomodo
1038 2982 1084 3021 no
