2559 3692
185 432 311 507 neto.)
385 444 463 491 nis.
482 444 534 491 11L
555 446 644 493 cre.
665 448 785 496 rt-ss,
935 446 984 501 m

183 558 241 615 que
250 543 403 616 ingenium,
413 542 872 623 spoliare‚eapere‚armaequosqne
881 552 986 625 abripea

183 635 223 673 re.
264 617 301 672 Et
314 619 394 673 exciti
408 636 533 691 prospero
547 620 671 688 clamore,
691 624 741 696 qui
755 624 895 698 modo-per
909 642 985 701 agros

183 692 256 767 iuga-
261 692 431 764 palabantur,
442 695 565 751 victoriae
574 714 604 751 se
613 698 770 753 miseelrsnt.

241 770 286 823 18.
308 767 350 823 Ad
363 776 488 841 quartum
504 769 660 827 aCremona
671 771 787 845 lapidem
798 772 987 848 fulsereiegie'·

183 861 255 899 num
274 843 352 917 signe
371 842 482 916 Rapacis
501 852 581 917 atque
600 846 717 914 Italicae,
738 848 805 904 laeto
821 849 890 905 inter
912 850 987 905 initis

184 919 313 991 equitum
321 934 432 974 suorum
441 919 541 991 proelio
551 920 616 976 illue
626 938 714 994 usque
721 931 854 994 proveeta.
877 922 988 979 Sedubi

185 993 294 1048 lortuna
313 1001 402 1048 eontra
422 992 481 1059 luit,
502 1012 556 1049 non
570 994 660 1060 lasere
671 996 788 1063 ordines,
802 1016 855 1054 non
870 1000 987 1072 recipere

184 1068 318 1133 turbatos,
339 1084 393 1124 non
412 1068 519 1123 obviam
538 1071 587 1135 ire,
608 1070 732 1144 ultroque
749 1072 857 1146 adgredi
873 1073 985 1140 boetem,

184 1151 293 1199 tentum
303 1159 351 1215 per
361 1144 477 1215 spatium
488 1160 570 1201 eursu
579 1152 605 1199 et
612 1146 757 1219 pugnando
766 1145 878 1221 lessam.
910 1148 987 1204 Forte

185 1219 263 1285 vieti,
274 1216 347 1283 haud
358 1217 470 1290 perinde
477 1220 559 1275 rebus
570 1221 706 1292 prosperis
714 1221 810 1277 dueem
819 1222 987 1278 desiderave-

184 1300 257 1358 rant,
270 1292 518 1365 etqueinedversis
528 1294 621 1350 deesse
629 1295 821 1369 intelligebant.
842 1298 984 1353 Nutantem

185 1370 274 1423 eciem
284 1368 368 1423 vietor
378 1368 511 1439 equitatem
521 1369 655 1425 incursat:
675 1370 855 1443 etVipstanus
864 1372 988 1428 Messalla

185 1442 315 1498 tribunam
331 1458 394 1497 eum
406 1442 529 1498 Moesicis
543 1443 721 1500 auxiliaribus
733 1448 901 1521 adsequitur,
918 1464 987 1520 ques

186 1516 301 1573 militiae
315 1516 477 1591 legionariis,
491 1536 658 1593 quemqnam
665 1522 763 1592 raptim
775 1521 878 1587 duotee,
889 1538 987 1595 aequa-

185 1593 262 1649 bant.
303 1593 340 1647 lta
359 1593 460 1647 mistus
478 1592 560 1664 pedes
579 1610 718 1667 equesque
735 1612 831 1667 rupere
848 1595 985 1670 legionum

186 1684 297 1741 agmen.
330 1668 364 1723 Et
372 1669 524 1740 propinqua
533 1668 754 1725 Cremonensium
763 1671 877 1736 moenia,
888 1680 988 1743 quanto

185 1742 252 1815 plus
266 1742 324 1815 spei
338 1741 371 1797 ed
386 1741 525 1817 effugium,
541 1750 612 1798 tanto
625 1744 756 1799 minorem
767 1744 802 1799 ad
810 1746 988 1801 resistendum

186 1820 312 1893 animum
321 1816 427 1872 debent.

245 1895 287 1947 19.
308 1893 363 1947 Nee
377 1891 509 1949 Antonius
518 1890 588 1948 ultre
597 1892 703 1958 institit,
715 1908 818 1948 memor
827 1892 948 1948 laborum
958 1910 989 1949 ee

185 1964 344 2031 vulnerum,
356 1967 457 2039 quibus
466 1975 520 2023 tam
530 1984 627 2039 aneepe
635 1967 732 2040 proelii
741 1966 989 2040 fortuna,quamvis
1005 1966 1008 1973 “

185 2058 319 2117 prospero.
331 2040 393 2108 line,
409 2043 512 2115 equites
519 2042 855 2121 equosqueadfliemverat.
895 2043 988 2099 inum·

185 2118 283 2174 branta
291 2132 401 2187 vespera
411 2118 569 2173 universum
579 2118 702 2174 Flaviani
710 2117 842 2175 exereitus
851 2117 988 2175 roburrd-

185 2193 272 2249 venit.
309 2191 397 2264 thue
406 2192 529 2248 cumules
539 2209 620 2264 super
629 2195 777 2249 etreeentia
786 2193 866 2250 mede
875 2193 987 2267 veetigia

185 2268 330 2333 ineessere,
345 2268 425 2339 quasi
438 2266 598 2323 debellatum
613 2267 688 2334 soret,
700 2285 810 2338 perqere
826 2268 985 2333 Cremonam,

186 2352 212 2398 et
224 2347 310 2398 vietor
323 2347 352 2396 tn
365 2346 517 2415 deditionem
532 2346 658 2411 accipere,
678 2352 726 2398 eat
739 2360 890 2412 expensura
906 2344 988 2415 depe·

187 2416 293 2474 seunt.¹
317 2416 532 2483 lieee'mmedio,
548 2416 661 2489 pulchra
670 2418 752 2473 dictu.
792 2417 900 2474 lilasibi
911 2419 988 2491 quis-

186 2508 335 2565 que,poeee
345 2494 558 2563 coloniamplam
567 2498 817 2563 simminpetueapt
857 2494 988 2548 idemne-

186 2572 280 2623 daeiae
287 2584 337 2635 per
347 2569 464 2622 tenebrae
473 2568 685 2636 inrumpentibus,
699 2576 723 2623 et
731 2573 857 2623 maiorm
867 2570 989 2637 rapiendi

186 2646 328 2699 licentiam
370 2640 467 2707 Quaere
481 2644 562 2698 lucem
571 2648 749 2711 otrpetienter,
763 2646 989 2712 temperantem

181 2734 276 2787 preces
285 2726 311 2772 et
316 2732 368 2787 pro
378 2719 465 2772 labore
474 2736 506 2772 ae
515 2720 986 2786 vulneribueelemmtiametyioriam,

185 2798 288 2858 inania,
301 2795 416 2847 laturos:
436 2796 481 2847 sed
491 2808 550 2861 epae
561 2790 767 2849 cantanensium
778 2796 808 2847 in
816 2796 876 2847 siaa
883 2796 988 2860 praess-

186 2870 562 2937 etnamteqatommquofare.
598 2868 989 2937 Espayamaeerblepraedem

185 2948 221 2999 ad
239 2946 357 3007 militem,
378 2944 528 2997 desiturae
541 2945 630 3006 duces,
643 2946 782 3011 pmtaere.
820 2937 988 3010 Spernuntnr
1020 2980 1023 2984 .
