2559 3692
293 423 343 478 dl!
528 425 579 473 m
598 424 853 473 ORATORIBUS

291 527 360 601 quid
373 528 473 583 eteniti
482 525 593 583 lorteere
606 526 777 598 posnaniae
785 526 940 582 recitatione
948 514 1100 601 tragoedia

206 600 210 607 '
292 621 354 659 runa
363 602 468 677 ingredi
478 601 577 657 lamam
586 603 740 673 auspiootue
748 600 1100 674 rum,tumquidem,eunr

291 679 322 733 in
331 679 434 733 Nerone
448 677 614 749 inprobatam
628 684 655 731 et
668 675 820 731 studiorum
828 692 1029 749 quoquesaoea
1038 696 1100 751 pro·

292 752 426 809 fauentem
441 752 540 808 Vatinii
554 752 699 823 potentiam
711 749 793 825 fregit
813 758 840 806 et
853 751 943 817 bodio,
954 752 982 806 si
991 753 1098 825 quidiu

267 876 269 879 .
292 828 371 883 nobie
389 827 496 883 notitiae
514 828 545 881 a'e
563 826 681 881 nominis
699 827 857 899 bennagio
870 826 988 888 arbinor
1000 830 1098 884 earmi-

293 919 370 968 num,
383 919 466 975 quam
476 902 635 966 orationum,
645 900 730 974 gloria
737 907 855 972 parturn.
883 899 992 957 dolam
1002 908 1097 957 mese

292 979 404 1051 iungere
418 994 434 1031 a
448 974 545 1032 lorensi
558 975 648 1033 labore
658 976 802 1044 eonstitui3
820 992 869 1030 neo
877 977 1025 1033 comitatus
1035 978 1096 1033 istor

292 1060 319 1107 et
332 1068 457 1127 egressus
469 1058 516 1107 aut
529 1049 707 1123 frequentiam
721 1048 912 1106 salutationum
921 1052 1093 1124 eoncupiroo,

293 1144 347 1183 non
361 1127 448 1200 magia
461 1142 544 1198 quam
559 1142 620 1181 aera
629 1134 656 1180 et
664 1126 808 1199 imagines,
821 1142 891 1197 quae
901 1127 985 1182 etiam
996 1145 1041 1183 me
1051 1145 1095 1183 no-

293 1202 400 1259 lentein
413 1200 523 1257 domurn
533 1216 624 1255 meum
636 1201 805 1272 inruperunt.
834 1200 904 1260 Nem
915 1208 1021 1257 statum
1030 1203 1094 1258 buo·
1137 1263 1138 1274 q

293 1292 382 1349 usquo
399 1288 430 1329 ao
447 1276 615 1331 securitatem
628 1274 728 1334 melius
740 1275 891 1331 innoeentia
903 1283 992 1343 tueor,
1014 1296 1093 1351 quam

277 1402 280 1415 ,
293 1350 457 1423 eloquentia:
478 1366 528 1406 neo
542 1366 643 1415 vereor,
657 1367 692 1405 ne
701 1350 771 1406 mibi
780 1351 1094 1423 umqnamvorbaiuae·
1137 1363 1138 1380 ³

295 1433 369 1491 natu,
380 1426 434 1480 nisi
444 1442 493 1497 pro
503 1425 611 1482 alterius
620 1424 786 1492 discrimine,
798 1423 917 1482 faciende
926 1427 994 1483 sint.

348 1504 390 1558 tu.
411 1500 525 1557 Nemora
539 1518 602 1558 vero
614 1508 640 1556 et
653 1499 708 1557 luci
722 1508 748 1557 et
755 1508 887 1557 secretum
896 1501 1003 1573 ipsum,
1024 1502 1093 1577 quod

293 1574 365 1647 Aper
373 1576 535 1649 increpabat,
550 1583 651 1632 tautam
664 1575 734 1632 mibi
747 1574 870 1639 adferunt
878 1576 1056 1650 voluptatem,
1066 1586 1093 1633 ut

293 1652 361 1707 inter
383 1653 538 1725 praecipuos
557 1651 709 1707 carminum
729 1649 832 1708 nudus
851 1668 1006 1719 numerem,
1022 1653 1093 1727 quod

294 1742 344 1781 nee
356 1727 386 1782 in
398 1728 520 1800 strepitu,
536 1743 585 1782 neo
596 1725 705 1783 sedente
714 1734 775 1783 aute
782 1726 881 1783 nedum
891 1725 1035 1801 litigatore,
1047 1745 1092 1784 neo

292 1803 362 1857 inter
372 1801 463 1858 sordes
472 1820 503 1858 ao
513 1801 636 1858 lacrimas
646 1819 753 1859 reorum
762 1810 973 1875 oomponuntur3
995 1804 1092 1859 sedse-

293 1878 362 1933 oedit
374 1877 482 1933 animus
496 1878 525 1933 in
535 1876 590 1933 loca
599 1878 925 1950 puraatqueinnooentia,
940 1876 1092 1952 fruiturrque

293 1952 404 2009 nedibus
419 1953 511 2009 saeris.
550 1953 619 2009 Haeo
629 1950 794 2025 eloquentiae
802 1952 960 2028 primordia,
971 1953 1092 2026 baeope·

293 2028 417 2085 netralia:
437 2027 489 2083 hoo
501 2028 620 2099 primum
631 2027 724 2083 babitu
734 2026 863 2101 cultuque
871 2029 1015 2084 eommoda
1025 2048 1092 2088 ruor-

279 2101 401 2169 talibus,
417 2106 446 2158 in
457 2102 503 2157 illa
512 2111 583 2159 cesta
595 2110 621 2157 et
633 2102 716 2158 nullis
727 2110 843 2159 oontaeta
852 2104 926 2159 vitiis
936 2106 1092 2175 pertorain·

253 2208 255 2212 ,
291 2174 384 2233 fluxit:
405 2179 445 2233 aio
456 2177 563 2234 oracula
575 2177 760 2252 loquebantur.
799 2178 868 2233 Nam
878 2177 1002 2234 lucrosae
1013 2180 1091 2236 buius

292 2258 319 2307 et
331 2254 517 2326 sanguinantis
531 2252 698 2327 eloquentiae
706 2270 775 2308 usus
783 2268 876 2309 reoenr
885 2261 911 2308 et
920 2253 1004 2309 malis
1013 2256 1091 2311 mori-

292 2326 345 2383 bus
355 2334 443 2393 natus,
455 2336 544 2400 atqru,
555 2336 586 2384 ut
596 2338 624 2383 tu
634 2326 845 2401 dioebas,·Aper,
856 2329 885 2383 in
895 2328 985 2384 locum
998 2329 1044 2386 teli
1053 2346 1091 2384 re·

291 2409 394 2475 pertus.
433 2400 556 2458 Ceterum
568 2402 633 2459 felir
642 2402 753 2470 illudet,
764 2409 795 2465 ut
804 2420 879 2459 more
887 2412 978 2459 nostro
987 2402 1088 2478 loquar,

292 2494 405 2533 aureum
412 2477 561 2545 saeculum,
576 2486 602 2533 et
612 2486 747 2535 oratorum
756 2485 781 2534 et
789 2477 936 2534 nimbum
945 2479 1090 2551 inope,po-

292 2553 342 2607 etis
353 2560 378 2607 et
386 2553 492 2609 vatibus
502 2552 663 2631 abundabat,
677 2553 727 2627 qui
736 2552 804 2609 bene
812 2550 880 2609 laeta
889 2562 1028 2623 canerent,
1041 2572 1089 2609 non

291 2627 342 2699 qui
359 2627 429 2683 male
448 2628 564 2684 admissa
581 2627 761 2685 defenderent.
799 2629 855 2684 Neo
872 2627 937 2684 ullis
950 2637 999 2685 aut
1010 2629 1089 2706 gloria

292 2703 387 2767 maior,
402 2710 448 2757 aut
462 2705 598 2777 augustior
609 2704 708 2761 bonor:
728 2704 849 2776 primum
858 2703 931 2776 apud
938 2703 1015 2769 deos,
1027 2722 1089 2782 qno·

292 2776 486 2905 (riurndproierff
499 2794 626 2905 ςιῗροὲῗ
639 2786 666 2833 et
679 2780 807 2867 intueare
822 2778 911 2851 epulis
924 2777 1087 2908 mmmg

292 2861 748 2994 ,tttttlnitubtitlf
763 2870 1086 3002 &wattun
