2559 3692
1127 270 1141 400 l

298 412 348 471 tta
532 416 858 467 nrsronrancrr
957 409 1095 482 (amana.
1140 411 1141 482 l

295 523 333 578 tic
352 520 403 577 luit
421 535 516 577 sermm
534 518 655 593 Verginii
667 518 814 591 Capitonis,
833 534 917 591 quem
934 517 1098 591 proditorem
1141 519 1142 552 l

296 595 527 652 Tarracinensium
540 593 671 660 diximus,
686 593 806 665 patibulo
820 592 936 659 adfixus,
954 594 984 648 in
998 593 1097 649 iisdem
1142 627 1143 632 κ

295 670 413 736 annulis,
428 687 497 743 quos
510 676 628 741 acceptos
643 668 773 725 aviullio
785 668 914 743 gestabat.
953 666 989 724 At
998 667 1099 726 llcmae

296 752 404 802 senatus
417 752 511 800 cuncta
521 744 691 816 principibus
703 743 780 799 solita
791 743 957 815 Vespasiano
966 742 1096 809 decernit,

295 819 593 891 laetusetspeicertus:
614 819 716 891 quippe
725 826 831 889 sumpta
839 817 1098 890 perGalliasilispa-

281 896 409 969 ‘niasque
423 893 512 950 civilia
526 910 609 959 arma,
623 895 703 949 motu
712 893 747 948 ad
755 892 858 948 bellum
867 892 1022 959 Germanis,
1032 911 1097 950 mox

295 970 411 1044 illyrico,
424 968 567 1041 postquam
580 967 743 1057 Aegyptum,
758 967 883 1023 iudaeam
893 966 1061 1042 Syriamque
1073 978 1096 1023 et

295 1046 384 1101 omnia
397 1041 549 1115 provincias
564 1051 750 1115 exercitusque
762 1041 948 1108 lustraverant,
964 1042 1043 1098 velut
1051 1060 1096 1098 ex·

294 1122 366 1193 piato
375 1114 505 1173 lemarum
514 1117 586 1182 orbe,
598 1116 701 1188 cepisse
712 1116 793 1173 linem
802 1116 970 1173 videbantur.
1012 1118 1097 1174 Addi-

295 1194 357 1249 dere
367 1191 527 1247 alacritatem
537 1191 696 1263 Vespasiani
704 1191 814 1256 litterae,
822 1200 960 1264 tamquam
970 1202 1097 1249 manente

294 1266 364 1325 bello
383 1267 505 1338 scriptae.
543 1266 582 1321 Ea
600 1267 689 1340 prima
708 1268 797 1339 specie
814 1266 913 1322 torma:
932 1274 1056 1323 ceterum
1067 1279 1097 1324 ut

293 1344 419 1417 princeps
429 1340 691 1413 loquebatur,civilia
698 1341 801 1397 deseet
806 1341 968 1414 reipublicae
974 1345 1093 1417 egregia.

294 1418 350 1472 Nec
363 1424 470 1473 sanatus
484 1415 645 1489 obsequium
656 1416 754 1471 deerat.
794 1416 849 1488 lpsi
862 1416 1019 1474 consulatm
1031 1436 1095 1475 cum

295 1492 353 1548 Tito
371 1490 435 1557 iilic,
457 1500 579 1563 praetura
598 1491 746 1547 Domitiano
758 1498 785 1546 et
797 1490 939 1547 consulare
946 1492 1095 1565 imperinm

293 1566 481 1623 decimantur.

271 1686 273 1691 ,
350 1644 375 1697 l.
396 1642 503 1697 illiserat
510 1640 687 1697 et-lducianus
696 1639 820 1713 epistolas
832 1641 866 1696 ad
875 1648 1010 1708 senamm,
1024 1658 1096 1716 quaa

294 1716 432 1774 materiam
442 1716 611 1772 sermonibus
619 1715 779 1788 praebuere:
798 1720 824 1771 ai
829 1721 952 1785 priuatae
959 1727 1035 1781 caret,
1048 1736 1095 1773 cur

290 1795 394 1863 publice
404 1790 570 1863 loqueretur?
580 1796 695 1860 potatam
702 1796 799 1855 audem
806 1808 908 1859 peuces
914 1800 974 1859 port
983 1796 1049 1857 diae,
1056 1797 1095 1849 lo-

294 1886 324 1923 co
332 1872 473 1923 sermatiae
481 1871 542 1921 diet.
578 1867 638 1939 Ipsa
647 1882 757 1939 qnoque
765 1866 901 1922 insectatio
912 1866 942 1921 in
953 1866 1094 1925 Vitellium

293 1959 352 1999 sera
366 1950 392 1999 et
404 1944 464 1999 sine
476 1940 603 1996 libertate.
643 1939 674 1994 ld
689 1956 751 1997 vero
764 1957 827 2014 erga
840 1940 1037 2014 rempublicam
1047 1959 1095 1998 su·

286 2018 486 2089 .perbum‚crga
494 2015 643 2087 principem
653 2014 1004 2089 contumeliosumqncdia
1012 2035 1095 2073 mauu

292 2092 1092 2238 mllillmlllfflsstlllditttibt

292 2238 375 2296 Multo
394 2257 456 2295 cum
470 2240 569 2295 honore
583 2239 725 2295 verborum
739 2240 862 2296 Muciano
875 2241 1052 2313 triumphalia
1061 2243 1095 2298 de

291 2313 362 2371 bello
371 2314 445 2370 civili
454 2314 527 2369 data:
549 2313 596 2369 sad
608 2313 636 2369 in
647 2313 779 2371 Sarmatas
789 2314 921 2388 expeditio
930 2316 1091 2390 lingebatur.

291 2388 434 2464 Adduntur
444 2389 533 2444 Primo
542 2387 656 2446 lamnia
664 2390 824 2455 consularia,
838 2390 960 2447 Cornelio
968 2392 1059 2449 Fusco
1068 2401 1094 2449 et

292 2463 369 2521 Arrio
383 2464 452 2519 Varo
464 2465 594 2535 praetoria
609 2466 736 2540 insignia.
774 2466 838 2522 Mox
850 2465 914 2521 deos
933 2483 1092 2539 respexere:

291 2539 395 2595 restitui
413 2537 514 2615 placuit
531 2539 703 2613 Capitolium.
741 2540 833 2613 anue
844 2542 945 2596 omnia
966 2541 1093 2598 Valerius

290 2612 533 2680 Asiaticus,oonsul
543 2614 708 2689 designatus,
720 2616 838 2671 censuit:
858 2617 937 2671 ceteri
947 2616 1026 2672 vultu
1033 2634 1095 2673 ma-

291 2707 397 2763 nuque:
418 2691 507 2763 pauci,
522 2689 624 2761 quibus
637 2688 782 2761 conspicua
793 2690 910 2765 dignitas
924 2698 972 2746 aut
983 2693 1094 2766 ingeni·

291 2781 339 2821 um
354 2763 503 2822 adulatione
521 2764 678 2830 exercitum,
697 2766 851 2837 compositis
862 2767 1028 2823 orationibus
1043 2769 1094 2823 ad-

291 2840 481 2896 sentiebantur.
520 2839 572 2894 Ubi
587 2838 620 2894 ad
633 2837 786 2895 Heluidium
796 2841 928 2907 mcum,
941 2850 1094 2913 praetorem

291 2913 469 2990 designatum,
485 2921 605 2981 ventum.
619 2915 752 2987 prompsit
763 2916 931 2983 sententiam,
941 2916 1110 2983 ntbcnorls
