2559 3692
311 444 361 497 228
548 444 874 493 menoarenuu
988 434 1120 508 (auen

310 568 324 603 e
338 552 461 618 proeium
473 556 621 611 ostentaret,
634 562 681 601 aec
691 551 785 616 purete
796 550 922 615 peracutis
935 552 1084 615 inmortuae,
1099 562 1121 606 et

310 626 453 680 maioribus
465 638 516 677 uon
528 627 671 693 defuturus.

367 701 410 753 86.
431 697 659 771 intelligebantur
679 704 763 751 artae:
789 695 839 751 sed
852 712 917 767 pars
931 696 1074 771 obsequii
1094 702 1120 755 in

311 791 357 838 eo,
381 789 416 828 ne
431 772 713 845 deprehenderentur.
745 769 785 825 lta
802 771 974 843 Lugdunum
989 783 1120 830 ventum.

311 849 390 905 Unde
400 848 522 904 creditur
530 848 702 917 Domitianus
717 845 833 902 occultis
844 846 878 901 ed
889 844 1033 903 Cerialem
1049 866 1119 905 nuu-

311 925 359 980 tiis
375 924 457 979 fidem
472 924 532 979 eius
547 923 711 987 tentavisse,
732 938 767 976 au
781 923 920 993 praesenti
935 922 995 977 sihi
1010 928 1118 981 exerci-

310 1009 371 1055 tum
385 999 589 1071 imperiumque
604 996 756 1052 traditurus
769 994 848 1051 ioret.
871 996 930 1063 Qua
947 999 1118 1071 cogitatione

311 1075 418 1130 bellum
428 1074 561 1128 adversus
572 1080 678 1144 putrem
689 1072 842 1145 agitaverit,
854 1089 890 1126 an
899 1086 969 1143 opes
984 1074 1118 1148 viresque

313 1150 446 1205 adversus
461 1148 587 1213 tratrem,
603 1150 633 1202 in
643 1147 748 1203 incerto
761 1146 821 1203 tuit.
852 1148 922 1202 Nam
936 1146 1063 1207 Cerialis
1075 1170 1117 1206 ea-

312 1224 388 1287 lubri
406 1230 621 1295 temperamento
639 1223 737 1287 elusit,
759 1230 790 1277 ut
808 1238 879 1276 vena
897 1224 1053 1293 pueriliter
1071 1244 1117 1281 cu-

311 1300 444 1371 pientem.
467 1300 652 1365 Domitianus,
669 1298 763 1371 sperni
775 1314 790 1353 a
802 1298 961 1352 senioribus
972 1300 1117 1357 iuventam

312 1388 391 1428 suam
402 1387 526 1439 cernens,
539 1374 649 1429 modica
658 1390 769 1445 quoque
783 1380 810 1427 et
819 1381 950 1445 usurpata
962 1384 1048 1431 antea
1057 1394 1116 1431 mu-

312 1451 359 1505 nia
381 1450 495 1522 imperii
513 1450 670 1505 onrittebat:
702 1448 888 1519 simplicitatis
908 1458 942 1503 ac
961 1452 1115 1509 modestiae

312 1527 444 1598 imagine,
451 1528 481 1580 in
490 1524 666 1581 altitudinem
673 1524 810 1588 conditus,
818 1522 1000 1597 studiumque
1011 1527 1115 1583 littera-

311 1618 373 1655 rum
383 1610 409 1656 et
418 1617 538 1657 amorem
546 1598 855 1663 carminumsimulens,
869 1614 926 1670 quo
936 1601 1048 1659 velaret
1057 1604 1114 1659 ani·

311 1693 388 1731 mum
401 1685 428 1733 et
441 1676 533 1732 fratris
543 1675 722 1731 aemulationi
735 1674 944 1740 subduceretur,
960 1678 1114 1742 cuiusdis-

311 1769 405 1827 parem
415 1753 608 1824 mitioremque
618 1760 743 1806 naturam
753 1758 846 1806 contra
856 1750 1100 1823 interpretabatur.

597 1990 826 2023 ψ--ςοᾲκκ--ψ

518 2216 657 2272 ureeu
694 2215 907 2301 oururus.

631 2366 791 2381 m

341 2509 345 2515 .
362 2477 537 2517 Brevitati-um.
554 2474 606 2525 cap.
614 2478 633 2514 l.
643 2476 731 2515 Interim
738 2474 798 2513 Titus
805 2482 853 2513 cnm
861 2474 932 2513 valido
942 2476 1043 2515 exercitu
1052 2485 1113 2525 propa
1147 2520 1148 2539 Χ

311 2543 461 2592 Hierosolyma
470 2544 541 2584 casim
548 2544 606 2584 iacit.
633 2544 703 2583 e-t.
717 2542 1034 2591 iudaicaegenttsprimordte,
1049 2552 1112 2584 sacre.
1147 2550 1148 2553 ’

311 2612 420 2657 institute,
438 2611 507 2661 deque
520 2614 547 2651 iia
559 2612 655 2661 maligna
665 2610 803 2659 profanorum
816 2609 901 2647 indicte.
928 2608 947 2657 6.
958 2608 979 2648 t.
991 2608 1113 2657 Descriptio

311 2682 381 2717 terrae
390 2678 512 2727 finiumque,
522 2665 618 2727 batsamt,
627 2678 711 2725 Libani,
720 2676 812 2723 Iordant,
822 2676 882 2717 tecue
891 2676 990 2715 bitumen
1000 2676 1111 2725 egerenda

312 2734 436 2795 camporum
448 2746 588 2793 torridorum,
606 2746 715 2785 fructuum
729 2746 752 2783 in
767 2745 859 2783 cinerem
874 2744 1050 2792 vanescentium,
1068 2742 1113 2783 Beli

312 2815 388 2860 amnis,
399 2800 460 2864 cutus
469 2822 546 2853 menae
554 2816 610 2853 vitro
619 2813 767 2853 inservientes.
785 2812 805 2851 8.
814 2810 964 2861 Hierosolyma
973 2812 1033 2860 genti
1043 2814 1111 2867 capet.
1147 2798 1148 2873 l

312 2881 425 2920 Inmensae
432 2881 554 2930 eputenttae
560 2881 673 2930 temptum.
689 2880 816 2919 ludaeorum
825 2880 865 2919 eutr
874 2878 921 2919 aitte
930 2880 1034 2928 gaudem
1041 2883 1063 2919 et
1070 2878 1111 2917 aute

312 2948 400 2997 regibus
411 2948 466 2995 tatu
484 2949 504 2987 e.
512 2942 572 2987 virtu
581 2957 628 2988 sore
636 2948 676 2987 sub
685 2947 792 2986 Romania.
814 2948 903 2987 lit-tt.
915 2946 1054 2991 Betlnmanb
1062 2945 1111 2985 cae

313 3017 345 3055 eto
354 3016 416 3056 Floro
429 3019 565 3067 procuratore
578 3019 656 3056 ortum.
677 3014 736 3055 titus
749 3014 848 3060 Iudaeos,
866 3016 888 3053 tn
897 3013 972 3053 urbem
982 3014 1108 3061 compulsae.
