2559 3692
186 490 208 526 ι.
219 488 241 527 o.
253 469 300 544 ιι.)
387 479 467 526 nan.
486 479 507 526 1.
528 479 619 527 can.
639 480 762 527 ac-ss,
941 477 978 533 so

186 578 321 636 firmatam.
364 579 433 638 Laco
443 579 600 654 praefectus,
615 588 669 636 tam
690 580 979 640 uamininsuiamse-

183 663 335 724 poneretur,
357 653 393 710 ab
412 663 529 720 evocato,
549 671 632 727 quem
702 655 812 710 cosdem
830 657 891 711 eius
910 656 979 714 Otho

182 730 362 799 praemiserat,
379 729 533 786 confossus:
553 732 582 785 in
596 729 757 786 Mattianum
770 729 885 796 loeium,
906 741 937 786 ut
948 734 978 788 iu

182 802 343 869 libertinum,
354 803 446 876 palam
455 804 683 870 animadversum.
775 835 780 840 .
914 818 919 824 ·

232 879 272 933 47.
293 878 397 936 Exacto
410 896 459 952 per
471 879 570 934 scelera
584 880 637 944 die,
653 881 833 936 novissimum
846 880 987 936 maiorum·

185 949 358 1010 iuitlaetitia.'
376 955 458 1011 Vocat
467 963 590 1009 senatum
599 962 703 1026 praetor
711 955 841 1011 urbanus.
873 955 980 1012 Certant

184 1025 375 1084 adulationibus
389 1031 469 1084 ceteri
483 1029 664 1102 magistratus.
703 1028 857 1086 Adcurrunt
872 1039 977 1103 patres:

182 1099 325 1157 decernitur
335 1102 437 1159 Othoni
451 1103 593 1158 tribunicia
606 1111 731 1175 potestas,
741 1111 768 1160 et
776 1122 874 1161 nomen
883 1105 979 1180 hugu-

183 1175 222 1240 sti,
237 1185 260 1231 et
273 1195 370 1234 omnes
381 1179 536 1251 principum
551 1178 674 1243 honores,
685 1179 866 1236 adnitentibus
874 1183 978 1236 cuncis

183 1247 279 1307 abolere
302 1254 426 1309 convicia
446 1271 477 1308 ec
497 1253 603 1326 probra,
628 1270 708 1325 quae,
727 1255 880 1324 promiscue
897 1257 976 1320 iacta,

183 1321 294 1382 haesisse
309 1329 404 1384 animo
413 1329 472 1383 eius
481 1345 561 1384 nemo
569 1329 662 1383 sensit.
701 1326 975 1394 Omisissetoffensae

184 1397 380 1469 andistubsset,
397 1403 525 1458 brevitate
534 1403 857 1476 imperiiinincertofuit.
896 1405 975 1469 Otho,
1024 1433 1028 1439 ⁴

184 1477 284 1532 muento
298 1478 390 1534 adhuc
399 1477 465 1543 foro,
474 1495 523 1550 per
532 1486 648 1552 stragem
660 1479 804 1534 iacentium
813 1480 842 1535 in
852 1478 978 1552 Capitoli-

184 1563 235 1612 um,
246 1557 325 1623 atque
334 1553 401 1610 inde
409 1553 439 1608 in
448 1553 576 1624 palatium
586 1561 689 1618 vectus,
700 1553 808 1608 concedi
816 1571 925 1626 corpora
935 1571 978 1610 se-

185 1622 312 1693 pulturae,
342 1629 512 1700 cremarique
542 1629 675 1700 permisit.
713 1628 837 1684 Pisonem
864 1631 977 1686 Verania

185 1713 246 1753 uxor
256 1717 288 1755 ac
300 1701 383 1759 frater
396 1701 596 1766 Scribonianus,
612 1701 643 1757 Τ.
654 1702 765 1758 Vinium
776 1703 899 1776 Crispino
911 1705 976 1767 iiiia,

186 1785 359 1844 composuere,
380 1777 511 1850 quaesitis
524 1777 725 1849 redemptisque
741 1779 887 1850 capitibus,
908 1796 978 1852 quac

186 1848 280 1905 venalis
290 1852 471 1908 interfectores
481 1860 661 1908 secreverant.

234 1926 274 1980 ta.
293 1927 356 1984 Piso
365 1943 453 1982 unum
464 1935 491 1982 et
498 1927 666 1983 tricesimum
675 1929 767 1982 aetatis
776 1943 878 1982 onnum
887 1927 979 2000 expie-

186 1993 234 2062 bat,
249 1997 317 2057 iame
330 2003 451 2067 meliore,
465 2019 548 2076 quam
564 2001 678 2058 fortuna.
718 2003 824 2058 Frmres
837 2003 906 2066 dus,
921 2003 979 2057 ida-

186 2087 263 2142 ειιιιιι
273 2075 412 2142 Claudius,
425 2077 552 2134 Crassum
560 2078 631 2134 Nem
640 2076 833 2133 interfecerant.
862 2078 976 2151 lpsediu

187 2147 265 2214 exsul,
285 2153 430 2224 quatriduo
445 2153 549 2218 Caesar,
569 2161 706 2226 properata
721 2153 861 2225 adoptione
878 2153 978 2208 adhoc

188 2226 281 2282 cutum
290 2228 386 2284 maiori
396 2227 469 2284 fratri
479 2227 612 2300 praelatus
622 2235 671 2293 est,
682 2236 713 2283 ut
721 2229 795 2300 prior
803 2227 974 2284 occideretur.

188 2291 215 2349 T·
233 2297 327 2358 Vinius
341 2303 411 2359 LVII
425 2320 508 2358 annos
522 2303 605 2357 variis
618 2303 741 2358 moribus
749 2304 811 2376 egit.
851 2303 927 2358 Pater
935 2302 976 2356 ilii

190 2377 454 2443 epracmriafamilia‚
467 2378 879 2450 meteruuaavuseproscriptis.
917 2378 977 2432 Pri·

191 2459 227 2499 ma
235 2449 327 2508 militia
334 2451 456 2518 infamis,
467 2452 584 2526 legatum
593 2451 740 2508 Calvisium
750 2451 880 2507 Sabinum
889 2451 978 2507 habu·

190 2530 248 2577 erat:
268 2529 346 2583 cuius
361 2543 437 2593 uxor,
452 2527 523 2582 mala
536 2527 663 2600 cupidine
671 2527 776 2583 vimndi
785 2528 868 2582 situm
877 2536 978 2582 costro-

193 2607 254 2661 rum,
265 2616 311 2670 per
324 2611 427 2659 noctem
442 2601 551 2658 militari
564 2601 659 2657 habitu
667 2603 798 2677 ingresse,
809 2617 872 2657 oum
883 2601 976 2676 vigilia

193 2674 301 2750 Pioetera
315 2677 426 2732 militiae
439 2679 533 2732 munia
547 2677 639 2732 eedem
654 2677 761 2732 lascivia
773 2682 936 2748 temptasset,
946 2678 976 2730 iu

192 2745 250 2809 ¹9⁸5!
267 2751 405 2824 principiis
419 2759 543 2824 stupruni
558 2769 633 2817 ausa,
653 2761 681 2806 et
691 2751 904 2807 oriminishuius
913 2767 977 2806 reus

194 2811 220 2869 T·
230 2817 328 2892 Vinius,
344 2827 512 2900 arguebatur.
552 2827 636 2900 Igitur
650 2828 728 2882 iussu
742 2826 772 2882 C.
785 2826 978 2881 Caeserisone-

195 2898 257 2949 iiiut
274 2904 381 2965 catenis,
402 2919 474 2966 mox,
496 2903 641 2958 mutatione
653 2911 813 2973 temporum,
834 2901 975 2961 dimissus,
1012 2923 1014 2928 ·

197 2977 266 3026 cursu
274 2972 402 3032 honorum
412 2977 550 3041 inoffenso,
563 2976 661 3050 legioni
671 2984 731 3047 post
741 2983 892 3076 pmeturem
900 2987 978 3041 prae-
