2559 3692
328 477 379 523 un
398 476 614 525 cunarum.
635 478 715 525 car.
737 476 861 527 m-aa,
944 450 1013 531 ἐᾶθ’

198 583 282 637 armis
291 579 406 650 telisque
416 577 554 642 Romania,
568 577 625 644 sed,
639 578 713 655 quod
722 596 765 635 ma
805 578 936 636 ifieentius
944 591 996 650 eat,

197 654 366 713 oblectationi
385 650 526 724 oculisque
545 652 706 709 occidemur.
773 662 865 719 aneat,
888 672 998 727 quaeso,

197 733 331 803 duratque
344 726 481 801 gentibus,
497 726 522 781 si
535 744 589 783 non
603 744 678 785 amor
687 730 780 795 nostri,
792 737 897 785 atcerte
906 730 999 789 odium

198 807 259 862 sui:
279 802 399 877 quaudo,
410 801 569 875 urgentibus
577 803 683 875 imperii
693 802 763 869 imis,
780 804 849 859 nihii
859 804 913 860 iam
922 822 1001 879 praa·

198 889 269 937 stare
276 878 384 935 tortum
392 878 481 933 maius
492 884 587 949 potest,
601 894 685 951 quam
696 876 816 935 hostium
827 878 998 939 discordiam.

254 1000 298 1054 ii.
317 986 491 1069 Ang'riverios
505 1005 532 1051 et
545 994 694 1054 Chamavos
708 1014 723 1051 a
736 1004 810 1069 tergo
824 996 964 1072 Duigibini
975 1008 1001 1057 et

200 1069 1001 1145 Chasuaricluduntaiiaequegentes,haudperindememo-

198 1156 280 1204 ratae.
318 1145 441 1202 Aironte
454 1144 534 1201 Frisii
549 1146 695 1217 excipiunt.
733 1148 880 1207 Maioribus
889 1153 1001 1205 minori·

199 1228 297 1293 busque
307 1221 403 1277 Frisiis
412 1218 572 1277 vocabulum
582 1229 622 1276 eat
631 1237 666 1277 ex
674 1220 753 1277 modo
763 1222 872 1281 virium.
908 1222 1001 1279 Utrae-

128 1311 129 1366 j
198 1315 255 1373 que
268 1297 386 1353 nationes
400 1312 488 1369 usque
502 1295 535 1349 ad
549 1292 684 1351 Oceanum
696 1296 788 1353 Rheno
797 1306 997 1369 praetexuntur,

199 1372 378 1442 ambiuntque
386 1371 523 1425 inmensos
532 1370 643 1440 insuper
652 1370 726 1425 lacus
735 1378 760 1425 et
769 1372 895 1429 Romanis
905 1370 1000 1429 classi·

128 1513 129 1518 *
200 1446 257 1504 bus
266 1446 410 1519 navigatos.
441 1446 536 1519 Ipsum
545 1445 613 1516 quin
622 1445 701 1499 etium
711 1443 846 1502 Oceanum
859 1447 905 1503 illa
914 1455 1000 1503 tenta-

128 1541 129 1544 ’
199 1522 304 1577 vimus.
340 1520 375 1575 Bt
391 1536 532 1592 superesse
544 1519 633 1575 adhuc
641 1520 763 1577 Herculis
776 1520 913 1577 columnas
926 1518 997 1579 fama

198 1595 335 1671 vulgavit:
356 1595 414 1652 sive
432 1594 498 1650 adiit
515 1593 652 1661 Hercules,
671 1612 731 1662 seu,
750 1594 884 1669 quidquid
896 1597 999 1672 ubique

198 1669 375 1745 magnificum
393 1677 443 1734 est,
462 1669 491 1725 in
511 1666 655 1725 claritatem
673 1671 732 1727 eius
751 1668 849 1725 referre
862 1674 1000 1731 consensi·

199 1765 274 1818 mus.
312 1743 368 1801 Nec
381 1742 692 1803 deiuitaudentialiruso
702 1745 873 1803 Germanico:
894 1747 942 1803 sed
951 1747 1000 1801 ob-

127 1889 128 1896 ,
198 1823 267 1877 stitit
282 1818 403 1877 Oceanus
420 1820 492 1877 iuae
503 1817 586 1877 simul
602 1827 682 1893 atque
695 1820 724 1875 in
735 1818 875 1877 Herculem
884 1821 997 1893 inquiri.
1053 1884 1056 1894 Ι

127 1917 128 1922 ’
198 1898 263 1953 Mox
271 1912 350 1951 nemo
359 1895 482 1952 tentavit:
499 1895 672 1969 sanctiusque
681 1912 713 1951 ao
721 1896 886 1953 reverentius
897 1896 997 1961 visum,

127 1969 128 1972 ’
198 1972 308 2027 deuotis
318 1971 429 2027 deorum
437 1968 733 2043 eredere,quamsoire.

127 2145 128 2148 Ἴ
256 2082 298 2135 35.
318 2080 451 2135 Hactenus
462 2076 669 2135 inOooidentem
679 2078 850 2135 Germaniam
861 2078 997 2135 novimus.

127 2195 128 2224 ᾖ
199 2156 232 2209 In
242 2153 451 2225 Septentrionem
460 2155 562 2228 ingenti
571 2152 643 2209 flexu
652 2154 728 2209 redit.
762 2154 802 2210 Ac
810 2155 898 2227 primo
907 2156 997 2209 statim

197 2229 369 2287 Chaucorum
378 2245 627 2303 gens,quamquam
636 2230 747 2301 incipiat
756 2245 771 2284 a
780 2229 886 2296 Frisiis,
898 2246 928 2285 ac
935 2247 999 2302 par-

198 2304 476 2377 temlitorisoooupet,
495 2305 628 2371 omnium,
649 2320 718 2377 quas
730 2305 853 2377 exposui,
875 2306 997 2378 gentium

198 2378 328 2435 lateribus
345 2379 506 2445 obtenditur,
526 2378 610 2435 doneo
622 2378 652 2434 in
667 2378 754 2435 Cattos
766 2395 854 2453 usque
863 2383 995 2435 sinuetur.

198 2454 266 2508 Tam
279 2454 434 2509 inmensum
448 2462 579 2511 terrarum
592 2454 710 2525 spatium
724 2470 777 2511 non
791 2462 880 2510 tenent
892 2462 996 2509 tautum

198 2528 311 2594 Chauci,
327 2528 535 2603 sedetinplentr
555 2528 673 2601 populus
686 2529 754 2584 inter
764 2526 911 2586 Geimauos
921 2529 999 2585 nobi·

197 2602 332 2668 lissimus,
351 2604 455 2677 quiquo
474 2604 687 2678 magnitudinem
705 2620 783 2659 suam
802 2602 878 2661 malit
896 2604 997 2659 iustitia

196 2679 277 2734 tueri.
316 2677 540 2753 Sinecupiditate,
557 2680 616 2735 siue
625 2679 780 2753 inpotentia,
796 2679 881 2755 quieti
890 2678 1010 2734 secreti-¹

196 2771 262 2826 que,
275 2752 351 2808 nulia
363 2762 507 2825 provocent
519 2753 599 2820 bella,
615 2754 698 2810 nuliis
708 2754 829 2827 raptibus
839 2762 885 2809 aut
894 2754 999 2809 iatroci-

195 2827 251 2883 niis
260 2827 434 2903 populantur.
463 2828 548 2902 quue
556 2831 731 2901 praecipuum
740 2830 848 2885 virtmis
857 2845 888 2883 ao
897 2828 998 2883 virium

196 2911 386 2979 argumentum
400 2910 450 2971 est,
471 2903 553 2977 quod,
573 2910 604 2959 ut
614 2905 764 2976 superiores
779 2910 867 2977 agant,
888 2916 999 2972 nonper

195 2976 312 3037 iniurias
321 2978 516 3053 adsequuntur.
555 2978 679 3052 Pmmpta
691 2986 779 3035 tamen
788 2977 914 3033 omnibus
924 2991 998 3031 arma
1010 3000 1013 3005 ·
