2559 3692
305 451 356 508 ili
504 456 531 501 e.
556 454 746 500 connum
769 452 904 525 reem

304 559 358 599 otro.
376 554 606 597 eenmmnnunn
614 550 1101 603 npmecumooumeuueeo-ermn
1145 530 1146 543 ¹

304 628 336 666 tio
342 625 370 665 ad
376 634 435 665 suos.
444 622 625 663 ”Athmonon
632 629 716 671 qnoque
722 618 932 669 hortaturAerlcole.
941 620 1036 677 lii-873
1041 620 1111 659 Atrox

304 697 328 733 et
335 695 446 733 cruentum
457 690 570 739 proellum.
591 688 707 729 aulones
716 686 929 750 Bomououvlctorla.
948 686 1056 737 Agricola
1064 689 1110 729 liri·

304 761 401 801 cenulam
409 757 542 799 circumvehi
549 756 660 805 pracelplt

356 825 543 870 tenebrionum,
556 824 625 863 fronte
634 822 713 867 laetus,
728 824 814 870 pectore
822 820 910 867 mrim,
924 822 1032 861 nuncium
1041 823 1109 862 victo-

308 897 353 936 riae
365 894 452 943 excipit
477 893 510 931 4⁰.
523 890 621 929 Honores
633 892 706 929 umen
714 886 826 936 Agricolae
839 888 926 927 decerni
938 888 1011 937 lubet,
1025 891 1108 929 condito

306 962 366 1011 odio,
384 961 452 1000 donoc
467 958 578 1008 provincia
593 957 682 996 decedat
696 955 802 1004 Agricola.
828 954 851 995 Is
863 955 934 995 redux
945 956 1049 996 modeste
1061 960 1107 1006 egit

306 1029 338 1067 41.
348 1026 468 1067 Periculum
477 1024 504 1065 ub
513 1023 675 1064 decoctoribus
685 1024 706 1062 et
715 1022 870 1063 laudatoribus.
891 1022 925 1063 et.
934 1021 1037 1063 Excum
1046 1034 1076 1071 se,
1086 1035 1109 1063 ue

307 1083 439 1145 provinciam
447 1092 548 1131 sortietur
555 1090 677 1140 proconsul.
693 1088 833 1129 43.0bltuon
840 1089 971 1129 cluereneul
980 1093 1108 1140 suspicione,

307 1161 451 1203 aDomlllauo
460 1159 512 1199 deti.
533 1157 566 1199 44.
579 1157 632 1198 Elui
643 1158 709 1205 ectus,
718 1156 810 1203 habitus,
820 1156 918 1206 honores,
929 1166 991 1207 opes.
1012 1160 1048 1199 45.
1058 1160 1109 1199 llor-

308 1231 336 1270 tls
350 1226 498 1277 opportunitas
511 1229 560 1267 aute
572 1224 690 1265 Domitloul
703 1224 832 1264 auocltotes.
858 1225 890 1265 to.
905 1219 1003 1275 Questus
1016 1228 1108 1267 unctoria

307 1300 330 1337 et
339 1306 366 1335 ex
375 1295 454 1335 vlrtute
463 1293 546 1333 sclatlu
563 1292 629 1333 Fama
638 1290 750 1341 Aculeone
759 1290 787 1333 ed
794 1294 892 1342 posteros
901 1293 1038 1333 transmissa.

365 1398 388 1449 l.
399 1384 547 1450 Clarorum
557 1395 680 1449 virorum
691 1392 761 1448 lacta
772 1410 916 1465 moresque
926 1398 1051 1465 posteris
1061 1404 1107 1450 tra-

310 1471 384 1535 dere,
397 1470 549 1541 antiquitus
558 1469 700 1532 usitatum,
713 1485 747 1522 ue
758 1469 857 1524 uostris
871 1468 988 1540 quidem
1002 1478 1108 1542 tempo

309 1546 401 1609 ribus,
427 1561 596 1617 quamquam
615 1543 753 1598 incuriosa
777 1559 889 1599 suorum
908 1553 983 1599 aetas
1004 1547 1104 1609 omisit,

309 1622 436 1694 quotiens
448 1634 547 1693 magna
557 1619 650 1690 aliqua
665 1635 696 1673 ac
711 1617 813 1673 nobilis
825 1620 913 1675 virtus
930 1619 1002 1675 vicit
1014 1638 1050 1675 ae
1064 1638 1107 1675 su-

308 1713 452 1769 pergressa
466 1705 508 1751 est
522 1694 637 1758 vitium,
653 1694 748 1765 parvis
766 1694 931 1767 magnisque
945 1695 1106 1751 civitatibus

309 1788 463 1836 commuue,
479 1770 663 1844 ignorantiam
675 1768 742 1823 recti
753 1775 780 1825 et
790 1768 936 1824 invidiam.
963 1769 1023 1825 Sed
1037 1770 1106 1844 apud

308 1849 423 1921 priores,
435 1854 466 1901 ut
476 1863 557 1919 agere
566 1851 718 1901 memoratu
729 1842 813 1917 digua
828 1861 947 1916 pronum
960 1847 1107 1919 magisque

309 1926 338 1978 in
353 1930 445 1994 aperto
456 1931 526 1984 erat,
542 1921 582 1975 ita
596 1919 793 1975 celeberrimus
803 1920 923 1991 quisque
937 1921 1065 1993 ingenio,
1077 1921 1106 1975 ad

309 1996 478 2071 prodendum
489 1996 599 2050 virtutis
610 1995 780 2059 memorium,
790 1995 853 2049 siue
863 1996 951 2067 gratia
962 2005 1011 2051 eut
1020 1998 1107 2051 ambi·

309 2074 396 2137 tione,
414 2072 501 2127 bonae
516 2078 621 2125 tantum
637 2070 820 2125 conscientiae
840 2072 927 2141 pretio
944 2069 1105 2127 ducebatur.

254 2147 256 2150 ’
309 2148 348 2201 ilc
363 2148 498 2219 plerique,
515 2162 593 2200 suam
611 2145 666 2217 ipsi
680 2147 764 2200 vitam
779 2162 896 2211 narrare,
912 2142 1048 2202 fiduciam
1063 2165 1107 2219 po

310 2224 365 2277 tius
379 2240 499 2286 morum,
515 2238 598 2293 quarn
613 2220 801 2293 idrogantiam
819 2221 943 2276 arbitrati
956 2231 1039 2279 sunt:
1061 2240 1107 2277 uec

310 2296 340 2352 id
350 2298 452 2353 Rutilio
462 2307 489 2353 et
499 2297 601 2352 Scauro
611 2298 679 2351 citra
692 2296 774 2351 fidem
786 2305 833 2354 aut
842 2296 1038 2353 obtrectationi
1050 2298 1106 2353 luit.

311 2372 387 2429 Adeo
402 2374 519 2429 virtutes
534 2372 635 2427 iisdem
650 2372 819 2444 temporibus
837 2375 940 2445 optime
959 2375 1107 2429 aestiman-

310 2460 368 2512 tur,
394 2447 498 2519 quibus
518 2445 649 2503 facillime
669 2448 831 2521 gignuntur.
865 2447 900 2503 At
923 2448 1010 2514 mihi,
1037 2465 1107 2505 nune

310 2532 451 2578 narraturo
465 2524 551 2579 vitum
564 2522 689 2578 defuncti
704 2522 839 2589 hominis,
860 2524 941 2579 venia
955 2541 1029 2597 opus
1043 2524 1104 2579 init:

309 2616 393 2669 quem
408 2616 461 2653 uon
476 2598 616 2669 petissem,
628 2599 657 2656 ui
668 2598 843 2655 incusaturus
856 2607 911 2653 tam
926 2616 1011 2656 saeva
1025 2610 1055 2656 et
1068 2601 1107 2653 iu·

310 2672 378 2728 iesta
394 2674 543 2729 virtutibus
556 2681 688 2745 tempore.

365 2768 392 2822 i.
403 2764 543 2837 Legimus,
551 2782 614 2819 cum
624 2766 743 2829 Aruleno
753 2768 865 2823 Rustico
873 2768 972 2823 Paetus
978 2768 1104 2831 Thrasea,

310 2841 445 2896 Herennio
457 2838 602 2896 Senecioni
613 2840 723 2895 Priscus
734 2842 879 2899 Helvidius
891 2842 996 2899 laudati
1007 2852 1104 2905 essent,

310 2913 427 2985 capitale
438 2913 537 2969 luisse:
552 2932 644 2985 neque
655 2916 684 2969 in
695 2918 771 2987 ipsos
782 2917 861 2975 modo
872 2928 1007 2983 auctores,
1019 2919 1070 2973 sed
1081 2920 1106 2972 in

311 2990 1107 3067 librosquoqueeorumsaevitumdelegetotriumviriami·
