2559 3692
183 475 290 538 acac„
395 475 473 524 ΜΒ.
491 473 512 521 L
533 475 622 522 cAl’.
643 475 684 522 8⁹.
705 476 746 522 stt.
937 471 972 526 ot

182 572 248 638 Nam,
270 588 304 628 ex
323 589 380 646 quo
398 573 577 648 diognetus
595 592 637 630 res
653 575 799 631 Caesarum
813 579 970 648 composuit,

180 647 272 718 procul,
289 655 315 702 et
330 649 360 703 in
374 650 458 705 unius
471 649 678 706 sollicitudinem
690 659 737 705 aut
747 650 841 714 decus,
855 652 972 723 populus

180 721 469 780 Romanusbellaverat.
509 723 566 780 Sub
574 725 683 781 Tiberio
691 735 717 781 et
727 725 801 790 Ceio,
811 735 917 780 tantum
926 743 973 797 pa-

179 798 213 852 cis
229 797 339 854 adversa
354 800 384 853 in
398 799 593 871 rempublicam
604 803 766 872 pertinuere.
805 800 972 856 Scriboniani

179 880 257 928 contra
267 872 413 930 Claudium
423 875 527 946 incepta
537 875 620 932 simul
631 876 720 931 audita
730 884 757 930 et
764 878 885 931 coercita.
903 876 974 930 Nero

179 946 271 1003 nuntiis
290 949 379 1023 magis
399 956 425 1004 et
443 950 608 1014 rumoribus,
628 968 712 1022 quiam
731 952 814 1005 armis
831 951 971 1023 depulsus.

179 1022 258 1078 Tuml
292 1025 368 1080 iones
378 1022 542 1096 classesque,
558 1033 593 1090 et,
607 1025 680 1097 quod
689 1025 835 1091 raroalias,
845 1027 974 1097 praetori·

179 1113 280 1153 anusur
334 1115 425 1172 usque
434 1099 513 1155 miles
523 1101 551 1154 in
561 1101 645 1156 aciem
655 1101 775 1156 delnoti:
789 1099 886 1156 Oriens
895 1099 974 1156 Occi·

178 1171 288 1246 densqua
302 1181 329 1230 et
339 1174 478 1248 quidquid
492 1175 629 1248 utrimque
638 1175 739 1230 virium
754 1183 803 1242 est,
815 1183 928 1251 atergc:
948 1176 973 1230 ai

179 1245 284 1304 ducibus
293 1249 356 1304 eliis
365 1249 495 1305 bellatum
506 1248 581 1315 foret,
593 1249 672 1323 longo
680 1249 750 1305 bello
759 1252 877 1306 materia.
916 1250 974 1306 Fu·

178 1337 225 1388 ere,
239 1325 286 1396 qui
299 1323 480 1396 proficiscenti
490 1323 587 1380 Othoni
598 1343 686 1381 moras
698 1329 898 1396 rctipionamqoa
906 1343 973 1381 aora-

179 1399 233 1452 dum
249 1404 412 1456 conditorum
431 1403 558 1454 ancilium
573 1399 714 1456 adferrent.
753 1400 918 1473 dapematue
932 1409 974 1457 eat

178 1487 276 1528 omnem
284 1477 493 1540 cunctationem,
504 1484 535 1531 ut
544 1475 643 1531 Neroni
653 1492 762 1548 quoque
773 1476 926 1532 exitiosam:
947 1485 974 1531 et

180 1545 289 1615 Caecina,
300 1551 356 1605 iam
365 1549 450 1622 Alpes
460 1559 654 1624 transgressus,
666 1550 863 1606 exstimulabet.

226 1626 266 1679 90.
286 1625 377 1681 Pridie
392 1625 456 1680 Idus
469 1625 546 1681 Mart.
564 1625 746 1683 commendata
758 1626 882 1698 patribus
891 1643 974 1699 repu-

179 1693 240 1752 blica
257 1699 389 1774 reliquiae
403 1701 616 1755 Neronianarum
631 1702 789 1767 sectionum,
808 1699 930 1757 nondum
943 1702 973 1756 in

180 1769 265 1828 fiscum
276 1792 431 1841 conversas,
438 1775 566 1830 revocatis
577 1773 611 1828 ab
620 1775 715 1830 exsilio
725 1776 868 1831 concessit:
879 1777 974 1832 iustis·

180 1846 270 1904 simum
279 1850 384 1908 donum
394 1857 420 1906 ot
429 1851 458 1905 in
468 1851 584 1922 speciem
594 1849 780 1979 mapnificum,
789 1849 973 1915 sed,iestinata

652 1941 666 1980 e

180 1920 337 1996 iampridem
348 1925 495 1992 exactione,
512 1943 566 1980 usu
576 1925 640 1980 steri
669 1967 676 1982 .
713 1925 777 1980 Mox
786 1932 877 1980 vooeta
886 1926 974 1980 eonci-

181 2010 232 2063 one,
249 2006 410 2058 maiestatem
427 2004 502 2056 urbis
519 2010 708 2056 cicomacum
717 2002 811 2070 popuii
823 2017 857 2056 ac
869 2009 979 2056 motae

179 2087 223 2137 pro
233 2091 260 2128 aa
272 2076 413 2142 adtollens,
426 2075 570 2132 adversum
586 2075 742 2132 Vitellianae
754 2083 843 2148 partas
856 2074 974 2132 modeste

181 2143 309 2208 disseruit:
329 2155 464 2207 inscitiam
474 2157 563 2220 potius
576 2154 712 2221 topiorum,
730 2169 811 2225 ᾳιιαπι
821 2155 973 2215 nidoclem,

182 2219 320 2296 increpans,
336 2225 412 2282 nulla
420 2225 521 2283 Vitellii
534 2228 683 2282 mentione:
703 2227 762 2281 sive
774 2227 862 2298 ipsius
873 2243 905 2282 ea
915 2243 974 2281 mo-

183 2293 279 2366 deratio,
294 2319 344 2358 seu
357 2303 470 2374 scriptor
479 2302 615 2367 orationis,
627 2301 680 2356 sibi
690 2309 822 2367 metuens,
835 2310 975 2357 contume-

184 2367 405 2434 liisiuVitellium
415 2377 558 2432 abstinuit:
580 2375 700 2450 quando,-
710 2384 741 2432 ut
751 2375 780 2432 iu
792 2377 975 2432 consiliismi-

184 2441 254 2516 litiae,
273 2449 400 2508 Suetonio
417 2451 539 2509 Paullino
557 2458 583 2508 et
596 2452 680 2524 Mario
694 2450 780 2517 Celso,
801 2452 837 2508 ita
848 2454 878 2508 in
892 2451 974 2507 rebus

185 2521 282 2582 urbanis
292 2523 393 2583 Galerii
404 2526 526 2584 Trachali
536 2527 645 2602 ingenio
654 2525 787 2584 Othonem
801 2528 840 2583 uti
850 2526 976 2584 credeba-

187 2601 235 2654 tur:
254 2609 278 2656 et
291 2611 374 2668 erant,
391 2603 440 2676 qni
453 2603 645 2678 genusipsum
656 2603 748 2658 orandi
759 2610 906 2668 noscerent,
917 2619 975 2658 cre·

186 2666 280 2732 broiori
290 2695 343 2734 usu
352 2678 464 2744 celebre,
481 2686 507 2734 et
516 2678 550 2734 ad
559 2677 701 2749 inplendae
714 2695 792 2734 aures
802 2677 886 2734 latum
895 2685 922 2732 et
931 2695 974 2732 eo-

186 2759 253 2805 htne.
290 2751 395 2810 Clamor
408 2771 541 2826 vocesque
550 2753 637 2828 vulgi,
654 2771 688 2809 ex
701 2750 920 2816 moreadulandi,
932 2753 976 2808 ni-

187 2821 247 2878 miae
259 2823 284 2881 at
295 2827 386 2884 falsae.
425 2827 509 2896 Quasi
520 2828 675 2884 dictatorem
684 2826 823 2898 Caesarem
833 2836 880 2882 ant
888 2829 976 2897 impa-

187 2905 287 2954 ratorom
296 2903 447 2977 Augustum
457 2903 735 2978 prosequerentur‚ita
743 2901 842 2956 studiis
852 2901 976 2984 votisque

190 2973 320 3035 orabant:
331 2995 381 3035 nec
390 2989 463 3035 metu
474 2987 520 3036 aut
529 2995 628 3054 amore,
638 2977 688 3033 sed
697 2993 732 3032 ex
741 2974 852 3030 libidine
862 2972 975 3035 saraim,
