2559 3692
323 458 373 505 ns
393 453 604 505 censuram.
624 443 847 505 carina-22.
930 452 981 508 257

177 554 345 631 accipiendis
364 557 505 615 obsidibus
522 557 610 633 magis
630 558 755 632 exigunt3
779 565 917 633 nmquam
926 560 947 615 ii
957 568 982 616 et

178 636 306 691 animum
317 633 433 699 firmius,
453 641 479 688 et
487 632 597 688 domum
606 632 697 696 latius,
715 640 828 688 teneant.
869 634 982 689 Heredes

177 720 272 764 tamen
281 724 505 779 successoresque
517 709 560 763 sni
571 707 670 781 cuique
679 706 772 763 liberi:
793 716 818 762 et
827 704 934 763 nullum
944 717 984 763 tc-

179 790 356 840 stementum.
396 781 425 838 Si
438 781 515 837 iiheri
529 799 583 838 uon
597 790 670 847 sunt,
690 782 830 853 proximus
844 782 944 857 gradus
953 784 982 838 in

178 859 352 933 possessione
361 856 464 923 hanes,
474 854 714 929 patruiavuncuii.
736 854 840 923 Quanto
849 856 911 930 pius
921 872 983 931 prc-

178 935 359 1006 pinquorum,
371 950 426 1005 quo
435 933 520 986 maior
529 932 658 987 adfinium
669 948 808 997 numerus,
820 940 891 987 tauto
900 932 983 1007 grati-

179 1010 399 1075 osiorsensetus3
421 1023 471 1061 nec
479 1005 534 1063 uiis
543 1006 662 1062 orbitatis
672 1006 765 1078 pretia.
973 1070 976 1077 ⁴

237 1084 282 1139 ii.
301 1081 444 1153 Suscipere
457 1088 511 1135 tam
524 1082 680 1136 inimicitias
698 1098 746 1138 seu
760 1082 843 1153 patris
861 1096 909 1136 seu
921 1097 984 1153 pro-

179 1158 291 1231 pinqui‚
302 1173 385 1229 quam
395 1156 536 1221 amicitias,
546 1172 655 1211 necesse
665 1165 713 1211 est.
748 1154 802 1210 Nec
812 1154 983 1227 inplacabiles

181 1232 296 1287 durant:
316 1230 400 1286 initur
412 1230 486 1285 enim
499 1231 578 1285 etiam
588 1230 763 1285 homicidium
772 1238 842 1285 certo
851 1238 984 1287 armento·

180 1324 247 1362 rum
266 1322 298 1360 ac
314 1322 440 1377 pecorum
459 1322 586 1371 numero,
610 1306 757 1378 recipitque
777 1303 981 1361 satisfactionem

180 1383 313 1437 universa
322 1380 430 1437 domus:
442 1380 551 1436 'utiliter
564 1380 593 1435 in
602 1378 756 1453 pubiicum:
778 1382 841 1453 quia
850 1378 982 1454 periculo·

182 1459 271 1511 siores
285 1463 349 1511 s'unt
361 1454 516 1510 inimicitiae
529 1456 603 1511 iuxta
613 1453 771 1510 libertatem.
810 1454 982 1513 Convictibus

182 1540 211 1586 et
221 1531 344 1603 hospitiis
353 1548 406 1586 non
415 1529 466 1585 alia
476 1546 543 1605 gens
552 1528 664 1585 effusius
674 1529 803 1605 indulget.
820 1528 984 1597 Quemcum-

183 1621 240 1679 que
249 1605 401 1660 mortalium
411 1622 500 1660 arcere
509 1613 584 1671 tecto,
595 1604 670 1660 nefas
679 1604 801 1659 hahetur.
817 1604 866 1661 Pro
879 1605 983 1663 fortuna

184 1682 303 1754 quisque
317 1680 450 1753 adperstis
463 1679 551 1757 *iis
567 1681 681 1752 excipit:
706 1696 769 1735 cum
783 1679 913 1746 deiecere,
934 1680 983 1753 qui

184 1755 265 1811 modo
274 1755 373 1827 hospes
382 1754 476 1823 meret,
492 1763 651 1812 monstrator
660 1754 768 1829 hospitii
779 1764 804 1809 et
813 1772 911 1821 comcs,
922 1772 985 1829 pro-

184 1830 703 1895 ximamdomumnoninvitstiadeunt.
731 1828 786 1885 Nec
795 1830 915 1885 interest:
936 1846 985 1903 pa-

183 1908 209 1961 ri
218 1906 385 1961 humanitate
394 1906 570 1977 accipiuntur.
591 1906 691 1961 Notum
700 1904 886 1979 ignotumque,
897 1920 985 1977 quan·

184 1990 244 2036 tum
254 1979 288 2035 ad
296 1982 342 2036 ius
351 1980 470 2052 hospitii,
482 1996 561 2037 nemo
570 1979 706 2037 discernit.
745 1978 872 2045 Abeunti‚
883 1978 907 2033 si
918 1976 985 2051 quid

184 2056 344 2128 poposcerit,
359 2055 502 2111 concedere
514 2056 611 2111 moris:
632 2064 658 2110 ct
672 2054 799 2127 poscendi
810 2054 927 2109 invicem
941 2070 986 2109 ea-

185 2132 250 2185 dem
263 2129 384 2186 feciiites.
424 2130 547 2186 Gaudent
560 2130 732 2185 muneribus:
753 2129 801 2184 sed
815 2146 864 2184 nec
873 2128 932 2184 dete
941 2130 985 2184 in·

183 2213 291 2279 putant,
307 2222 356 2261 nec
366 2206 479 2279 acceptis
487 2204 649 2279 obligantur.
688 2204 781 2260 Victus
789 2204 858 2259 inter
866 2203 984 2277 hospites

184 2298 279 2337 cornis.

238 2358 284 2414 22.
304 2354 399 2410 Statim
412 2372 428 2411 e
439 2372 544 2420 somno,
557 2372 639 2427 quem
649 2353 808 2433 plerumque
818 2354 846 2409 in
856 2352 926 2409 dem
937 2370 986 2409 cx·

184 2430 304 2496 trahunt,
321 2428 454 2495 lavantur,
468 2432 575 2503 saepius
590 2428 684 2495 calida,
699 2438 730 2484 ut
740 2428 811 2500 apud
820 2446 888 2502 quos
898 2428 985 2501 piuri-

185 2523 263 2561 mum
273 2504 361 2560 hiems
370 2513 489 2579 occupat.
519 2506 597 2561 Lauti
606 2502 697 2559 σίὴιιω
708 2506 829 2576 capiunt:
851 2514 985 2575 soporatae

186 2580 303 2655 singuiis
313 2579 400 2647 sedes,
411 2589 437 2635 et
447 2598 495 2637 sua
504 2582 603 2655 cuique
614 2595 716 2635 mensa.
747 2579 816 2635 Tum
826 2579 860 2634 ad
869 2579 983 2651 negotia,

186 2672 236 2711 nec
244 2649 338 2711 minus
347 2672 426 2727 saepe
435 2655 470 2711 ad
478 2656 609 2721 convivia,
619 2653 766 2727 procedunt
775 2654 878 2709 amiati.
909 2654 985 2707 Diem
1037 2715 1038 2725 χ

187 2739 346 2802 noctemque
361 2733 515 2786 continuare
527 2730 650 2803 potando,
665 2726 734 2786 nulli
743 2728 882 2803 probrum.
921 2726 986 2784 Cre·

185 2806 259 2872 brae,
271 2813 302 2859 ut
312 2806 381 2861 inter
390 2804 548 2871 vinolentos,
558 2806 641 2871 rixae,
654 2822 713 2861 raro
723 2802 862 2869 conviciis,
878 2802 985 2873 saepius

186 2879 468 2936 caedeetvuInerihus
478 2881 670 2967 consignetur.
710 2876 762 2933 Sed
771 2885 797 2935 et
805 2876 839 2933 dc
848 2875 986 2931 reconcili-

187 2953 266 3011 andis
275 2955 394 3011 invicem
403 2955 521 3014 inimicis
531 2963 556 3011 et
565 2952 708 3029 iungendis
718 2950 899 3009 adfinitatibus
908 2947 987 3004 etad-

226 3016 336 3087 Tacitus
354 3031 388 3086 11.
468 3069 471 3077 ·
756 3028 780 3081 h
