<?xml version="1.0" encoding="UTF-8"?>
<!DOCTYPE html PUBLIC "-//W3C//DTD XHTML 1.0 Transitional//EN"
    "http://www.w3.org/TR/xhtml1/DTD/xhtml1-transitional.dtd">
<html xmlns="http://www.w3.org/1999/xhtml" xml:lang="en" lang="en">
 <head>
  <title>
</title>
<meta http-equiv="Content-Type" content="text/html;charset=utf-8" />
  <meta name='ocr-system' content='tesseract 3.04.00' />
  <meta name='ocr-capabilities' content='ocr_page ocr_carea ocr_par ocr_line ocrx_word'/>
</head>
<body>
  <div class='ocr_page' id='page_1' title='image "./operaquoadextan01tacigoog_0091.png"; bbox 0 0 2559 3692; ppageno 0'>
   <div class='ocr_carea' id='block_1_1' title="bbox 194 423 988 498">
    <p class='ocr_par' dir='ltr' id='par_1_1' title="bbox 194 423 988 498">
     <span class='ocr_line' id='line_1_1' title="bbox 194 423 988 498; baseline 0.003 -18"><span class='ocrx_word' id='word_1_1' title='bbox 194 444 218 481; x_wconf 78' lang='lat' dir='ltr'><strong>r.</strong></span> <span class='ocrx_word' id='word_1_2' title='bbox 232 423 317 498; x_wconf 59' lang='lat' dir='ltr'><strong>cmo.)</strong></span> <span class='ocrx_word' id='word_1_3' title='bbox 408 433 488 478; x_wconf 72' lang='grc' dir='ltr'><strong>ΜΒ.</strong></span> <span class='ocrx_word' id='word_1_4' title='bbox 505 433 541 478; x_wconf 89' lang='lat'><strong>11.</strong></span> <span class='ocrx_word' id='word_1_5' title='bbox 562 433 651 480; x_wconf 71' lang='lat' dir='ltr'><strong>cue.</strong></span> <span class='ocrx_word' id='word_1_6' title='bbox 672 433 792 480; x_wconf 64' lang='lat' dir='ltr'><strong>rto-sa.</strong></span> <span class='ocrx_word' id='word_1_7' title='bbox 954 429 988 482; x_wconf 81' lang='lat'><strong>87</strong></span> 
     </span>
    </p>
   </div>
   <div class='ocr_carea' id='block_1_2' title="bbox 147 530 992 2993">
    <p class='ocr_par' dir='ltr' id='par_1_2' title="bbox 191 530 990 903">
     <span class='ocr_line' id='line_1_2' title="bbox 193 530 989 599; baseline 0.001 -9"><span class='ocrx_word' id='word_1_8' title='bbox 193 533 250 590; x_wconf 91' lang='lat' dir='ltr'><strong>loco</strong></span> <span class='ocrx_word' id='word_1_9' title='bbox 260 531 412 590; x_wconf 88' lang='lat' dir='ltr'><strong>consedisse</strong></span> <span class='ocrx_word' id='word_1_10' title='bbox 421 530 685 599; x_wconf 84' lang='lat' dir='ltr'><strong>inmleememorant,</strong></span> <span class='ocrx_word' id='word_1_11' title='bbox 694 550 744 588; x_wconf 91' lang='lat' dir='ltr'><strong>nec</strong></span> <span class='ocrx_word' id='word_1_12' title='bbox 751 532 989 591; x_wconf 84' lang='lat' dir='ltr'><strong>deindeooetubo-</strong></span> 
     </span>
     <span class='ocr_line' id='line_1_3' title="bbox 192 605 990 679; baseline 0 -15"><span class='ocrx_word' id='word_1_13' title='bbox 192 610 301 664; x_wconf 89' lang='lat' dir='ltr'><strong>minum</strong></span> <span class='ocrx_word' id='word_1_14' title='bbox 310 615 357 662; x_wconf 87' lang='lat' dir='ltr'><strong>eut</strong></span> <span class='ocrx_word' id='word_1_15' title='bbox 366 605 631 664; x_wconf 75' lang='lat' dir='ltr'><strong>circumvolitantium</strong></span> <span class='ocrx_word' id='word_1_16' title='bbox 640 607 735 662; x_wconf 83' lang='lat' dir='ltr'><strong>alitum</strong></span> <span class='ocrx_word' id='word_1_17' title='bbox 744 609 863 662; x_wconf 86' lang='lat' dir='ltr'><strong>territam</strong></span> <span class='ocrx_word' id='word_1_18' title='bbox 869 607 990 679; x_wconf 87' lang='lat' dir='ltr'><strong>pulsam-</strong></span> 
     </span>
     <span class='ocr_line' id='line_1_4' title="bbox 193 679 989 752; baseline -0.001 -13"><span class='ocrx_word' id='word_1_19' title='bbox 193 701 235 750; x_wconf 89' lang='lat' dir='ltr'><strong>ve,</strong></span> <span class='ocrx_word' id='word_1_20' title='bbox 257 683 341 738; x_wconf 90' lang='lat' dir='ltr'><strong>donec</strong></span> <span class='ocrx_word' id='word_1_21' title='bbox 355 679 425 737; x_wconf 84' lang='lat' dir='ltr'><strong>Otho</strong></span> <span class='ocrx_word' id='word_1_22' title='bbox 443 697 472 735; x_wconf 83' lang='lat' dir='ltr'><strong>se</strong></span> <span class='ocrx_word' id='word_1_23' title='bbox 490 683 547 752; x_wconf 89' lang='lat' dir='ltr'><strong>ipse</strong></span> <span class='ocrx_word' id='word_1_24' title='bbox 566 682 735 737; x_wconf 86' lang='lat' dir='ltr'><strong>interficeret:</strong></span> <span class='ocrx_word' id='word_1_25' title='bbox 756 691 816 737; x_wconf 91' lang='lat' dir='ltr'><strong>tum</strong></span> <span class='ocrx_word' id='word_1_26' title='bbox 830 681 943 738; x_wconf 85' lang='lat' dir='ltr'><strong>ablatam</strong></span> <span class='ocrx_word' id='word_1_27' title='bbox 956 700 989 738; x_wconf 87' lang='lat' dir='ltr'><strong>ex</strong></span> 
     </span>
     <span class='ocr_line' id='line_1_5' title="bbox 192 756 990 833; baseline -0.001 -19"><span class='ocrx_word' id='word_1_28' title='bbox 192 757 293 814; x_wconf 90' lang='lat' dir='ltr'><strong>oculis:</strong></span> <span class='ocrx_word' id='word_1_29' title='bbox 311 763 336 812; x_wconf 89' lang='lat' dir='ltr'><strong>et</strong></span> <span class='ocrx_word' id='word_1_30' title='bbox 346 763 462 828; x_wconf 88' lang='lat' dir='ltr'><strong>tempora</strong></span> <span class='ocrx_word' id='word_1_31' title='bbox 470 756 665 827; x_wconf 86' lang='lat' dir='ltr'><strong>reputantibus,</strong></span> <span class='ocrx_word' id='word_1_32' title='bbox 674 757 784 833; x_wconf 85' lang='lat' dir='ltr'><strong>initium</strong></span> <span class='ocrx_word' id='word_1_33' title='bbox 792 756 930 830; x_wconf 85' lang='lat' dir='ltr'><strong>finemque</strong></span> <span class='ocrx_word' id='word_1_34' title='bbox 937 758 990 812; x_wconf 83' lang='lat' dir='ltr'><strong>mi·</strong></span> 
     </span>
     <span class='ocr_line' id='line_1_6' title="bbox 191 830 729 903; baseline 0 -15"><span class='ocrx_word' id='word_1_35' title='bbox 191 831 276 888; x_wconf 86' lang='lat' dir='ltr'><strong>raculi</strong></span> <span class='ocrx_word' id='word_1_36' title='bbox 287 847 349 886; x_wconf 91' lang='lat' dir='ltr'><strong>cum</strong></span> <span class='ocrx_word' id='word_1_37' title='bbox 357 830 470 886; x_wconf 87' lang='lat' dir='ltr'><strong>Othonis</strong></span> <span class='ocrx_word' id='word_1_38' title='bbox 480 831 553 886; x_wconf 82' lang='lat' dir='ltr'><strong>exitu</strong></span> <span class='ocrx_word' id='word_1_39' title='bbox 562 831 729 903; x_wconf 87' lang='lat' dir='ltr'><strong>competisse.</strong></span> 
     </span>
    </p>

    <p class='ocr_par' dir='ltr' id='par_1_3' title="bbox 189 904 990 1634">
     <span class='ocr_line' id='line_1_7' title="bbox 247 904 989 962; baseline -0.001 -1"><span class='ocrx_word' id='word_1_40' title='bbox 247 909 292 962; x_wconf 79' lang='lat' dir='ltr'><strong>bl.</strong></span> <span class='ocrx_word' id='word_1_41' title='bbox 312 907 343 960; x_wconf 93' lang='lat' dir='ltr'><strong>ln</strong></span> <span class='ocrx_word' id='word_1_42' title='bbox 357 904 449 960; x_wconf 82' lang='lat' dir='ltr'><strong>funere</strong></span> <span class='ocrx_word' id='word_1_43' title='bbox 462 905 522 960; x_wconf 89' lang='lat' dir='ltr'><strong>eius</strong></span> <span class='ocrx_word' id='word_1_44' title='bbox 536 912 630 962; x_wconf 85' lang='lat' dir='ltr'><strong>novata</strong></span> <span class='ocrx_word' id='word_1_45' title='bbox 646 905 720 961; x_wconf 90' lang='lat' dir='ltr'><strong>luctu</strong></span> <span class='ocrx_word' id='word_1_46' title='bbox 733 904 863 962; x_wconf 83' lang='lat' dir='ltr'><strong>acdolore</strong></span> <span class='ocrx_word' id='word_1_47' title='bbox 872 904 989 960; x_wconf 84' lang='lat' dir='ltr'><strong>militum</strong></span> 
     </span>
     <span class='ocr_line' id='line_1_8' title="bbox 191 979 990 1055; baseline -0.001 -19"><span class='ocrx_word' id='word_1_48' title='bbox 191 980 300 1036; x_wconf 77' lang='lat' dir='ltr'><strong>seditio</strong></span> <span class='ocrx_word' id='word_1_49' title='bbox 337 981 464 1046; x_wconf 83' lang='lat' dir='ltr'><strong>Necerat,</strong></span> <span class='ocrx_word' id='word_1_50' title='bbox 477 979 673 1052; x_wconf 82' lang='lat' dir='ltr'><strong>quimerceret.</strong></span> <span class='ocrx_word' id='word_1_51' title='bbox 711 980 990 1055; x_wconf 76' lang='lat' dir='ltr'><strong>Adverginiumver-</strong></span> 
     </span>
     <span class='ocr_line' id='line_1_9' title="bbox 191 1053 990 1126; baseline 0 -16"><span class='ocrx_word' id='word_1_52' title='bbox 191 1058 225 1121; x_wconf 90' lang='lat' dir='ltr'><strong>si,</strong></span> <span class='ocrx_word' id='word_1_53' title='bbox 242 1053 331 1121; x_wconf 89' lang='lat' dir='ltr'><strong>modo,</strong></span> <span class='ocrx_word' id='word_1_54' title='bbox 351 1061 382 1110; x_wconf 90' lang='lat' dir='ltr'><strong>ut</strong></span> <span class='ocrx_word' id='word_1_55' title='bbox 395 1055 522 1126; x_wconf 88' lang='lat' dir='ltr'><strong>reciperet</strong></span> <span class='ocrx_word' id='word_1_56' title='bbox 533 1055 688 1126; x_wconf 88' lang='lat' dir='ltr'><strong>imperium,</strong></span> <span class='ocrx_word' id='word_1_57' title='bbox 711 1072 794 1121; x_wconf 86' lang='lat' dir='ltr'><strong>nunc,</strong></span> <span class='ocrx_word' id='word_1_58' title='bbox 815 1054 868 1110; x_wconf 83' lang='lat' dir='ltr'><strong>utl</strong></span> <span class='ocrx_word' id='word_1_59' title='bbox 918 1055 990 1110; x_wconf 78' lang='lat' dir='ltr'><strong>done</strong></span> 
     </span>
     <span class='ocr_line' id='line_1_10' title="bbox 191 1128 989 1204; baseline -0.003 -18"><span class='ocrx_word' id='word_1_60' title='bbox 191 1130 265 1202; x_wconf 88' lang='lat' dir='ltr'><strong>apud</strong></span> <span class='ocrx_word' id='word_1_61' title='bbox 285 1129 425 1186; x_wconf 81' lang='lat' dir='ltr'><strong>Caecinam</strong></span> <span class='ocrx_word' id='word_1_62' title='bbox 443 1145 474 1183; x_wconf 85' lang='lat' dir='ltr'><strong>ac</strong></span> <span class='ocrx_word' id='word_1_63' title='bbox 487 1128 624 1186; x_wconf 77' lang='lat' dir='ltr'><strong>Valentem</strong></span> <span class='ocrx_word' id='word_1_64' title='bbox 645 1128 815 1204; x_wconf 81' lang='lat' dir='ltr'><strong>fungeretur,</strong></span> <span class='ocrx_word' id='word_1_65' title='bbox 835 1131 903 1184; x_wconf 88' lang='lat' dir='ltr'><strong>mim</strong></span> <span class='ocrx_word' id='word_1_66' title='bbox 929 1136 989 1184; x_wconf 88' lang='lat' dir='ltr'><strong>ntes</strong></span> 
     </span>
     <span class='ocr_line' id='line_1_11' title="bbox 190 1203 989 1277; baseline -0.004 -16"><span class='ocrx_word' id='word_1_67' title='bbox 190 1205 312 1262; x_wconf 84' lang='lat' dir='ltr'><strong>orabant.</strong></span> <span class='ocrx_word' id='word_1_68' title='bbox 350 1204 503 1276; x_wconf 78' lang='lat' dir='ltr'><strong>Verginius,</strong></span> <span class='ocrx_word' id='word_1_69' title='bbox 517 1221 565 1274; x_wconf 85' lang='lat' dir='ltr'><strong>per</strong></span> <span class='ocrx_word' id='word_1_70' title='bbox 578 1221 699 1259; x_wconf 87' lang='lat' dir='ltr'><strong>aversam</strong></span> <span class='ocrx_word' id='word_1_71' title='bbox 714 1203 811 1260; x_wconf 90' lang='lat' dir='ltr'><strong>domus</strong></span> <span class='ocrx_word' id='word_1_72' title='bbox 819 1213 921 1277; x_wconf 84' lang='lat' dir='ltr'><strong>partem</strong></span> <span class='ocrx_word' id='word_1_73' title='bbox 931 1203 989 1259; x_wconf 86' lang='lat' dir='ltr'><strong>iur-</strong></span> 
     </span>
     <span class='ocr_line' id='line_1_12' title="bbox 189 1276 986 1352; baseline -0.004 -16"><span class='ocrx_word' id='word_1_74' title='bbox 189 1281 242 1336; x_wconf 87' lang='lat' dir='ltr'><strong>tim</strong></span> <span class='ocrx_word' id='word_1_75' title='bbox 256 1279 408 1352; x_wconf 80' lang='lat' dir='ltr'><strong>degressus,</strong></span> <span class='ocrx_word' id='word_1_76' title='bbox 429 1279 612 1350; x_wconf 75' lang='lat' dir='ltr'><strong>inrumpentes</strong></span> <span class='ocrx_word' id='word_1_77' title='bbox 628 1276 769 1334; x_wconf 76' lang='lat' dir='ltr'><strong>frustratrrs</strong></span> <span class='ocrx_word' id='word_1_78' title='bbox 787 1288 837 1335; x_wconf 88' lang='lat' dir='ltr'><strong>est.</strong></span> <span class='ocrx_word' id='word_1_79' title='bbox 875 1279 986 1344; x_wconf 85' lang='lat' dir='ltr'><strong>Earum,</strong></span> 
     </span>
     <span class='ocr_line' id='line_1_13' title="bbox 190 1352 988 1427; baseline 0 -19"><span class='ocrx_word' id='word_1_80' title='bbox 190 1371 265 1427; x_wconf 83' lang='lat' dir='ltr'><strong>quae</strong></span> <span class='ocrx_word' id='word_1_81' title='bbox 270 1353 380 1409; x_wconf 88' lang='lat' dir='ltr'><strong>Brixelli</strong></span> <span class='ocrx_word' id='word_1_82' title='bbox 389 1361 504 1427; x_wconf 74' lang='lat' dir='ltr'><strong>egerant,</strong></span> <span class='ocrx_word' id='word_1_83' title='bbox 515 1353 662 1408; x_wconf 80' lang='lat' dir='ltr'><strong>cohortium</strong></span> <span class='ocrx_word' id='word_1_84' title='bbox 671 1369 762 1425; x_wconf 81' lang='lat' dir='ltr'><strong>preces</strong></span> <span class='ocrx_word' id='word_1_85' title='bbox 769 1353 888 1410; x_wconf 76' lang='lat' dir='ltr'><strong>Rubrius</strong></span> <span class='ocrx_word' id='word_1_86' title='bbox 894 1352 988 1409; x_wconf 86' lang='lat' dir='ltr'><strong>Gallus</strong></span> 
     </span>
     <span class='ocr_line' id='line_1_14' title="bbox 190 1427 988 1500; baseline -0.001 -16"><span class='ocrx_word' id='word_1_87' title='bbox 190 1428 263 1484; x_wconf 89' lang='lat' dir='ltr'><strong>tulit.</strong></span> <span class='ocrx_word' id='word_1_88' title='bbox 302 1428 337 1482; x_wconf 91' lang='lat' dir='ltr'><strong>Et</strong></span> <span class='ocrx_word' id='word_1_89' title='bbox 345 1429 423 1484; x_wconf 86' lang='lat' dir='ltr'><strong>venia</strong></span> <span class='ocrx_word' id='word_1_90' title='bbox 436 1428 525 1483; x_wconf 86' lang='lat' dir='ltr'><strong>statim</strong></span> <span class='ocrx_word' id='word_1_91' title='bbox 537 1427 675 1500; x_wconf 82' lang='lat' dir='ltr'><strong>inpetrata,</strong></span> <span class='ocrx_word' id='word_1_92' title='bbox 689 1427 893 1484; x_wconf 88' lang='lat' dir='ltr'><strong>concedentibus</strong></span> <span class='ocrx_word' id='word_1_93' title='bbox 903 1427 937 1483; x_wconf 84' lang='lat' dir='ltr'><strong>ad</strong></span> <span class='ocrx_word' id='word_1_94' title='bbox 945 1428 988 1483; x_wconf 82' lang='lat' dir='ltr'><strong>vi·</strong></span> 
     </span>
     <span class='ocr_line' id='line_1_15' title="bbox 190 1501 988 1634; baseline -0.003 -75"><span class='ocrx_word' id='word_1_95' title='bbox 190 1511 291 1634; x_wconf 77' lang='lat' dir='ltr'><strong>ptorem</strong></span> <span class='ocrx_word' id='word_1_96' title='bbox 305 1519 353 1576; x_wconf 91' lang='lat' dir='ltr'><strong>per</strong></span> <span class='ocrx_word' id='word_1_97' title='bbox 365 1502 488 1558; x_wconf 85' lang='lat' dir='ltr'><strong>Flavium</strong></span> <span class='ocrx_word' id='word_1_98' title='bbox 498 1501 629 1558; x_wconf 87' lang='lat' dir='ltr'><strong>Sabinum</strong></span> <span class='ocrx_word' id='word_1_99' title='bbox 641 1503 677 1558; x_wconf 87' lang='lat' dir='ltr'><strong>iis</strong></span> <span class='ocrx_word' id='word_1_100' title='bbox 690 1503 783 1576; x_wconf 84' lang='lat' dir='ltr'><strong>copiis,</strong></span> <span class='ocrx_word' id='word_1_101' title='bbox 798 1502 900 1575; x_wconf 85' lang='lat' dir='ltr'><strong>quibus</strong></span> <span class='ocrx_word' id='word_1_102' title='bbox 911 1518 988 1575; x_wconf 83' lang='lat' dir='ltr'><strong>prae-</strong></span> 
     </span>
     <span class='ocr_line' id='line_1_16' title="bbox 203 1587 287 1634; baseline 0 0"><span class='ocrx_word' id='word_1_103' title='bbox 203 1587 287 1634; x_wconf 88' lang='lat' dir='ltr'><strong>uerat.</strong></span> 
     </span>
    </p>

    <p class='ocr_par' dir='ltr' id='par_1_4' title="bbox 147 1648 992 2756">
     <span class='ocr_line' id='line_1_17' title="bbox 246 1648 987 1726; baseline -0.003 -18"><span class='ocrx_word' id='word_1_104' title='bbox 246 1648 290 1710; x_wconf 72' lang='lat' dir='ltr'><strong>lii.</strong></span> <span class='ocrx_word' id='word_1_105' title='bbox 311 1652 397 1708; x_wconf 89' lang='lat' dir='ltr'><strong>Posito</strong></span> <span class='ocrx_word' id='word_1_106' title='bbox 406 1651 508 1725; x_wconf 88' lang='lat' dir='ltr'><strong>ubique</strong></span> <span class='ocrx_word' id='word_1_107' title='bbox 516 1650 596 1716; x_wconf 91' lang='lat' dir='ltr'><strong>bello,</strong></span> <span class='ocrx_word' id='word_1_108' title='bbox 607 1664 703 1726; x_wconf 81' lang='lat' dir='ltr'><strong>megne</strong></span> <span class='ocrx_word' id='word_1_109' title='bbox 712 1668 775 1723; x_wconf 84' lang='lat' dir='ltr'><strong>pars</strong></span> <span class='ocrx_word' id='word_1_110' title='bbox 785 1659 892 1706; x_wconf 84' lang='lat' dir='ltr'><strong>senatus</strong></span> <span class='ocrx_word' id='word_1_111' title='bbox 902 1657 987 1706; x_wconf 85' lang='lat' dir='ltr'><strong>extre-</strong></span> 
     </span>
     <span class='ocr_line' id='line_1_18' title="bbox 192 1724 985 1798; baseline -0.004 -15"><span class='ocrx_word' id='word_1_112' title='bbox 192 1745 269 1784; x_wconf 87' lang='lat' dir='ltr'><strong>mum</strong></span> <span class='ocrx_word' id='word_1_113' title='bbox 289 1726 432 1782; x_wconf 85' lang='lat' dir='ltr'><strong>discrimen</strong></span> <span class='ocrx_word' id='word_1_114' title='bbox 451 1727 525 1792; x_wconf 89' lang='lat' dir='ltr'><strong>adiit,</strong></span> <span class='ocrx_word' id='word_1_115' title='bbox 545 1725 660 1798; x_wconf 82' lang='lat' dir='ltr'><strong>prolecta</strong></span> <span class='ocrx_word' id='word_1_116' title='bbox 673 1743 736 1781; x_wconf 91' lang='lat' dir='ltr'><strong>cum</strong></span> <span class='ocrx_word' id='word_1_117' title='bbox 750 1724 853 1782; x_wconf 83' lang='lat' dir='ltr'><strong>Othone</strong></span> <span class='ocrx_word' id='word_1_118' title='bbox 866 1726 901 1780; x_wconf 85' lang='lat' dir='ltr'><strong>ab</strong></span> <span class='ocrx_word' id='word_1_119' title='bbox 909 1725 985 1790; x_wconf 90' lang='lat' dir='ltr'><strong>urbe,</strong></span> 
     </span>
     <span class='ocr_line' id='line_1_19' title="bbox 192 1798 986 1872; baseline -0.004 -14"><span class='ocrx_word' id='word_1_120' title='bbox 192 1803 254 1858; x_wconf 88' lang='lat' dir='ltr'><strong>dein</strong></span> <span class='ocrx_word' id='word_1_121' title='bbox 264 1803 383 1858; x_wconf 84' lang='lat' dir='ltr'><strong>Mutinae</strong></span> <span class='ocrx_word' id='word_1_122' title='bbox 391 1800 490 1857; x_wconf 88' lang='lat' dir='ltr'><strong>relicta.</strong></span> <span class='ocrx_word' id='word_1_123' title='bbox 514 1800 582 1856; x_wconf 90' lang='lat' dir='ltr'><strong>illuc</strong></span> <span class='ocrx_word' id='word_1_124' title='bbox 591 1800 703 1856; x_wconf 84' lang='lat' dir='ltr'><strong>adverso</strong></span> <span class='ocrx_word' id='word_1_125' title='bbox 711 1800 744 1854; x_wconf 90' lang='lat' dir='ltr'><strong>de</strong></span> <span class='ocrx_word' id='word_1_126' title='bbox 752 1800 851 1872; x_wconf 88' lang='lat' dir='ltr'><strong>proelio</strong></span> <span class='ocrx_word' id='word_1_127' title='bbox 859 1798 986 1855; x_wconf 84' lang='lat' dir='ltr'><strong>adlatum.</strong></span> 
     </span>
     <span class='ocr_line' id='line_1_20' title="bbox 147 1870 990 1947; baseline -0.007 -13"><span class='ocrx_word' id='word_1_128' title='bbox 147 1904 150 1909; x_wconf 94' lang='lat'>·</span> <span class='ocrx_word' id='word_1_129' title='bbox 191 1877 244 1934; x_wconf 89' lang='lat' dir='ltr'><strong>Sed</strong></span> <span class='ocrx_word' id='word_1_130' title='bbox 258 1876 367 1942; x_wconf 85' lang='lat' dir='ltr'><strong>milites,</strong></span> <span class='ocrx_word' id='word_1_131' title='bbox 383 1883 414 1931; x_wconf 91' lang='lat' dir='ltr'><strong>ut</strong></span> <span class='ocrx_word' id='word_1_132' title='bbox 422 1875 519 1932; x_wconf 85' lang='lat' dir='ltr'><strong>laisum</strong></span> <span class='ocrx_word' id='word_1_133' title='bbox 529 1892 664 1931; x_wconf 87' lang='lat' dir='ltr'><strong>rumorem</strong></span> <span class='ocrx_word' id='word_1_134' title='bbox 675 1870 854 1947; x_wconf 77' lang='lat' dir='ltr'><strong>aspernantes,</strong></span> <span class='ocrx_word' id='word_1_135' title='bbox 865 1873 990 1946; x_wconf 91' lang='lat' dir='ltr'><strong>quodin-</strong></span> 
     </span>
     <span class='ocr_line' id='line_1_21' title="bbox 192 1948 989 2024; baseline -0.005 -17"><span class='ocrx_word' id='word_1_136' title='bbox 192 1952 300 2007; x_wconf 85' lang='lat' dir='ltr'><strong>sensum</strong></span> <span class='ocrx_word' id='word_1_137' title='bbox 315 1949 412 2008; x_wconf 87' lang='lat' dir='ltr'><strong>Othoni</strong></span> <span class='ocrx_word' id='word_1_138' title='bbox 425 1958 547 2024; x_wconf 86' lang='lat' dir='ltr'><strong>senatum</strong></span> <span class='ocrx_word' id='word_1_139' title='bbox 562 1950 767 2016; x_wconf 83' lang='lat' dir='ltr'><strong>arbitrabantur,</strong></span> <span class='ocrx_word' id='word_1_140' title='bbox 787 1948 919 2004; x_wconf 77' lang='lat' dir='ltr'><strong>cusmdire</strong></span> <span class='ocrx_word' id='word_1_141' title='bbox 933 1965 989 2003; x_wconf 89' lang='lat' dir='ltr'><strong>ser-</strong></span> 
     </span>
     <span class='ocr_line' id='line_1_22' title="bbox 192 2024 989 2098; baseline -0.006 -14"><span class='ocrx_word' id='word_1_142' title='bbox 192 2044 295 2092; x_wconf 88' lang='lat' dir='ltr'><strong>mones,</strong></span> <span class='ocrx_word' id='word_1_143' title='bbox 311 2025 417 2082; x_wconf 86' lang='lat' dir='ltr'><strong>vultum</strong></span> <span class='ocrx_word' id='word_1_144' title='bbox 432 2026 606 2098; x_wconf 89' lang='lat' dir='ltr'><strong>habitumque</strong></span> <span class='ocrx_word' id='word_1_145' title='bbox 620 2026 723 2081; x_wconf 88' lang='lat' dir='ltr'><strong>trabere</strong></span> <span class='ocrx_word' id='word_1_146' title='bbox 734 2026 764 2080; x_wconf 91' lang='lat' dir='ltr'><strong>in</strong></span> <span class='ocrx_word' id='word_1_147' title='bbox 774 2024 905 2080; x_wconf 89' lang='lat' dir='ltr'><strong>deterius:</strong></span> <span class='ocrx_word' id='word_1_148' title='bbox 920 2037 989 2079; x_wconf 86' lang='lat' dir='ltr'><strong>oon·</strong></span> 
     </span>
     <span class='ocr_line' id='line_1_23' title="bbox 191 2098 987 2174; baseline -0.004 -17"><span class='ocrx_word' id='word_1_149' title='bbox 191 2102 270 2158; x_wconf 85' lang='lat' dir='ltr'><strong>viciis</strong></span> <span class='ocrx_word' id='word_1_150' title='bbox 289 2109 424 2174; x_wconf 89' lang='lat' dir='ltr'><strong>postremo</strong></span> <span class='ocrx_word' id='word_1_151' title='bbox 441 2118 472 2156; x_wconf 88' lang='lat' dir='ltr'><strong>ac</strong></span> <span class='ocrx_word' id='word_1_152' title='bbox 490 2101 594 2173; x_wconf 91' lang='lat' dir='ltr'><strong>probris</strong></span> <span class='ocrx_word' id='word_1_153' title='bbox 608 2117 730 2156; x_wconf 85' lang='lat' dir='ltr'><strong>caussam</strong></span> <span class='ocrx_word' id='word_1_154' title='bbox 743 2107 769 2156; x_wconf 90' lang='lat' dir='ltr'><strong>et</strong></span> <span class='ocrx_word' id='word_1_155' title='bbox 781 2099 888 2154; x_wconf 88' lang='lat' dir='ltr'><strong>initium</strong></span> <span class='ocrx_word' id='word_1_156' title='bbox 899 2098 987 2154; x_wconf 83' lang='lat' dir='ltr'><strong>caedis</strong></span> 
     </span>
     <span class='ocr_line' id='line_1_24' title="bbox 192 2173 987 2250; baseline -0.004 -18"><span class='ocrx_word' id='word_1_157' title='bbox 192 2175 367 2250; x_wconf 84' lang='lat' dir='ltr'><strong>quaerebant:</strong></span> <span class='ocrx_word' id='word_1_158' title='bbox 388 2173 533 2232; x_wconf 81' lang='lat' dir='ltr'><strong>camelius</strong></span> <span class='ocrx_word' id='word_1_159' title='bbox 547 2177 658 2247; x_wconf 87' lang='lat' dir='ltr'><strong>insuper</strong></span> <span class='ocrx_word' id='word_1_160' title='bbox 671 2183 758 2231; x_wconf 87' lang='lat' dir='ltr'><strong>metus</strong></span> <span class='ocrx_word' id='word_1_161' title='bbox 768 2175 935 2231; x_wconf 89' lang='lat' dir='ltr'><strong>senatoribus</strong></span> <span class='ocrx_word' id='word_1_162' title='bbox 943 2173 987 2229; x_wconf 89' lang='lat' dir='ltr'><strong>in-</strong></span> 
     </span>
     <span class='ocr_line' id='line_1_25' title="bbox 191 2249 988 2322; baseline -0.003 -16"><span class='ocrx_word' id='word_1_163' title='bbox 191 2259 281 2318; x_wconf 82' lang='lat' dir='ltr'><strong>staret,</strong></span> <span class='ocrx_word' id='word_1_164' title='bbox 294 2267 337 2317; x_wconf 86' lang='lat' dir='ltr'><strong>ne,</strong></span> <span class='ocrx_word' id='word_1_165' title='bbox 345 2249 507 2322; x_wconf 85' lang='lat' dir='ltr'><strong>praevalidi</strong></span> <span class='ocrx_word' id='word_1_166' title='bbox 516 2252 571 2305; x_wconf 88' lang='lat' dir='ltr'><strong>iem</strong></span> <span class='ocrx_word' id='word_1_167' title='bbox 580 2249 680 2314; x_wconf 75' lang='lat' dir='ltr'><strong>vitellii</strong></span> <span class='ocrx_word' id='word_1_168' title='bbox 689 2250 819 2322; x_wconf 86' lang='lat' dir='ltr'><strong>partibus,</strong></span> <span class='ocrx_word' id='word_1_169' title='bbox 835 2257 988 2305; x_wconf 76' lang='lat' dir='ltr'><strong>cuncmnter</strong></span> 
     </span>
     <span class='ocr_line' id='line_1_26' title="bbox 192 2325 987 2398; baseline -0.004 -16"><span class='ocrx_word' id='word_1_170' title='bbox 192 2325 330 2398; x_wconf 84' lang='lat' dir='ltr'><strong>excepisse</strong></span> <span class='ocrx_word' id='word_1_171' title='bbox 338 2325 476 2383; x_wconf 80' lang='lat' dir='ltr'><strong>victorium</strong></span> <span class='ocrx_word' id='word_1_172' title='bbox 485 2325 663 2380; x_wconf 87' lang='lat' dir='ltr'><strong>crederentur.</strong></span> <span class='ocrx_word' id='word_1_173' title='bbox 701 2325 738 2380; x_wconf 87' lang='lat' dir='ltr'><strong>lta</strong></span> <span class='ocrx_word' id='word_1_174' title='bbox 749 2325 844 2397; x_wconf 85' lang='lat' dir='ltr'><strong>trepidi</strong></span> <span class='ocrx_word' id='word_1_175' title='bbox 856 2333 882 2379; x_wconf 90' lang='lat' dir='ltr'><strong>et</strong></span> <span class='ocrx_word' id='word_1_176' title='bbox 891 2326 987 2380; x_wconf 88' lang='lat' dir='ltr'><strong>utrim-</strong></span> 
     </span>
     <span class='ocr_line' id='line_1_27' title="bbox 192 2399 985 2474; baseline -0.003 -18"><span class='ocrx_word' id='word_1_177' title='bbox 192 2419 245 2474; x_wconf 89' lang='lat' dir='ltr'><strong>que</strong></span> <span class='ocrx_word' id='word_1_178' title='bbox 264 2400 339 2456; x_wconf 85' lang='lat' dir='ltr'><strong>anxii</strong></span> <span class='ocrx_word' id='word_1_179' title='bbox 348 2407 465 2456; x_wconf 85' lang='lat' dir='ltr'><strong>coeunt:</strong></span> <span class='ocrx_word' id='word_1_180' title='bbox 495 2417 572 2456; x_wconf 89' lang='lat' dir='ltr'><strong>nemo</strong></span> <span class='ocrx_word' id='word_1_181' title='bbox 590 2399 716 2472; x_wconf 88' lang='lat' dir='ltr'><strong>privatim</strong></span> <span class='ocrx_word' id='word_1_182' title='bbox 817 2401 851 2455; x_wconf 89' lang='lat' dir='ltr'><strong>&#39;to</strong></span> <span class='ocrx_word' id='word_1_183' title='bbox 864 2399 985 2464; x_wconf 88' lang='lat' dir='ltr'><strong>oonsilio,</strong></span> 
     </span>
     <span class='ocr_line' id='line_1_28' title="bbox 192 2470 988 2546; baseline -0.004 -15"><span class='ocrx_word' id='word_1_184' title='bbox 192 2477 259 2531; x_wconf 87' lang='lat' dir='ltr'><strong>inter</strong></span> <span class='ocrx_word' id='word_1_185' title='bbox 275 2474 375 2530; x_wconf 88' lang='lat' dir='ltr'><strong>multos</strong></span> <span class='ocrx_word' id='word_1_186' title='bbox 384 2475 505 2532; x_wconf 81' lang='lat' dir='ltr'><strong>societate</strong></span> <span class='ocrx_word' id='word_1_187' title='bbox 517 2472 610 2546; x_wconf 79' lang='lat' dir='ltr'><strong>culpae</strong></span> <span class='ocrx_word' id='word_1_188' title='bbox 619 2475 708 2530; x_wconf 88' lang='lat' dir='ltr'><strong>tutior.</strong></span> <span class='ocrx_word' id='word_1_189' title='bbox 770 2470 988 2546; x_wconf 78' lang='lat' dir='ltr'><strong>nerab&#39;atpaven-</strong></span> 
     </span>
     <span class='ocr_line' id='line_1_29' title="bbox 192 2549 988 2622; baseline -0.003 -18"><span class='ocrx_word' id='word_1_190' title='bbox 192 2552 259 2606; x_wconf 89' lang='lat' dir='ltr'><strong>tium</strong></span> <span class='ocrx_word' id='word_1_191' title='bbox 270 2567 349 2605; x_wconf 88' lang='lat' dir='ltr'><strong>curas</strong></span> <span class='ocrx_word' id='word_1_192' title='bbox 358 2549 421 2605; x_wconf 93' lang='lat' dir='ltr'><strong>ordo</strong></span> <span class='ocrx_word' id='word_1_193' title='bbox 431 2550 598 2616; x_wconf 81' lang='lat' dir='ltr'><strong>Mutinensis,</strong></span> <span class='ocrx_word' id='word_1_194' title='bbox 608 2565 682 2605; x_wconf 86' lang='lat' dir='ltr'><strong>arma</strong></span> <span class='ocrx_word' id='word_1_195' title='bbox 691 2557 717 2603; x_wconf 94' lang='lat' dir='ltr'><strong>et</strong></span> <span class='ocrx_word' id='word_1_196' title='bbox 724 2551 866 2622; x_wconf 85' lang='lat' dir='ltr'><strong>pecuniam</strong></span> <span class='ocrx_word' id='word_1_197' title='bbox 875 2549 988 2605; x_wconf 78' lang='lat' dir='ltr'><strong>offeren-</strong></span> 
     </span>
     <span class='ocr_line' id='line_1_30' title="bbox 192 2622 992 2710; baseline 0.004 -30"><span class='ocrx_word' id='word_1_198' title='bbox 192 2625 234 2690; x_wconf 95' lang='lat' dir='ltr'><strong>do,</strong></span> <span class='ocrx_word' id='word_1_199' title='bbox 245 2623 447 2710; x_wconf 80' lang='lat' dir='ltr'><strong>adpellabatqpe</strong></span> <span class='ocrx_word' id='word_1_200' title='bbox 461 2633 549 2694; x_wconf 77' lang='lat' dir='ltr'><strong>patrer</strong></span> <span class='ocrx_word' id='word_1_201' title='bbox 562 2623 727 2693; x_wconf 74' lang='lat' dir='ltr'><strong>conscriptos,</strong></span> <span class='ocrx_word' id='word_1_202' title='bbox 742 2625 930 2697; x_wconf 83' lang='lat' dir='ltr'><strong>intempestivo</strong></span> <span class='ocrx_word' id='word_1_203' title='bbox 939 2622 992 2683; x_wconf 83' lang='lat' dir='ltr'><strong>ho-.</strong></span> 
     </span>
     <span class='ocr_line' id='line_1_31' title="bbox 192 2715 264 2756; baseline 0.014 -2"><span class='ocrx_word' id='word_1_204' title='bbox 192 2715 264 2756; x_wconf 87' lang='lat' dir='ltr'><strong>nore.</strong></span> 
     </span>
    </p>

    <p class='ocr_par' dir='ltr' id='par_1_5' title="bbox 191 2767 988 2993">
     <span class='ocr_line' id='line_1_32' title="bbox 245 2767 987 2848; baseline -0.001 -21"><span class='ocrx_word' id='word_1_205' title='bbox 245 2777 290 2828; x_wconf 82' lang='grc'><strong>53.</strong></span> <span class='ocrx_word' id='word_1_206' title='bbox 310 2771 431 2828; x_wconf 85' lang='lat' dir='ltr'><strong>Notabile</strong></span> <span class='ocrx_word' id='word_1_207' title='bbox 439 2772 558 2846; x_wconf 81' lang='lat' dir='ltr'><strong>iurgium</strong></span> <span class='ocrx_word' id='word_1_208' title='bbox 570 2767 651 2848; x_wconf 90' lang='lat' dir='ltr'><strong>[inde]</strong></span> <span class='ocrx_word' id='word_1_209' title='bbox 662 2770 722 2839; x_wconf 86' lang='lat' dir='ltr'><strong>fuit,</strong></span> <span class='ocrx_word' id='word_1_210' title='bbox 733 2772 915 2846; x_wconf 85' lang='lat' dir='ltr'><strong>quoLicinius</strong></span> <span class='ocrx_word' id='word_1_211' title='bbox 922 2771 987 2828; x_wconf 74' lang='lat' dir='ltr'><strong>Cae-</strong></span> 
     </span>
     <span class='ocr_line' id='line_1_33' title="bbox 191 2845 988 2918; baseline -0.003 -16"><span class='ocrx_word' id='word_1_212' title='bbox 191 2848 251 2903; x_wconf 89' lang='lat' dir='ltr'><strong>cina</strong></span> <span class='ocrx_word' id='word_1_213' title='bbox 260 2846 416 2903; x_wconf 83' lang='lat' dir='ltr'><strong>Marcellum</strong></span> <span class='ocrx_word' id='word_1_214' title='bbox 425 2845 547 2918; x_wconf 88' lang='lat' dir='ltr'><strong>Eprium,</strong></span> <span class='ocrx_word' id='word_1_215' title='bbox 558 2856 588 2901; x_wconf 85' lang='lat' dir='ltr'><strong>ot</strong></span> <span class='ocrx_word' id='word_1_216' title='bbox 597 2847 719 2918; x_wconf 75' lang='lat' dir='ltr'><strong>ombtpoc</strong></span> <span class='ocrx_word' id='word_1_217' title='bbox 727 2851 899 2911; x_wconf 66' lang='lat' dir='ltr'><strong>ribemontem,</strong></span> <span class='ocrx_word' id='word_1_218' title='bbox 910 2846 988 2901; x_wconf 86' lang='lat' dir='ltr'><strong>inve-</strong></span> 
     </span>
     <span class='ocr_line' id='line_1_34' title="bbox 191 2920 986 2993; baseline -0.008 -15"><span class='ocrx_word' id='word_1_219' title='bbox 191 2923 234 2978; x_wconf 86' lang='lat' dir='ltr'><strong>sit.</strong></span> <span class='ocrx_word' id='word_1_220' title='bbox 275 2922 332 2977; x_wconf 90' lang='lat' dir='ltr'><strong>Noc</strong></span> <span class='ocrx_word' id='word_1_221' title='bbox 348 2921 426 2977; x_wconf 87' lang='lat' dir='ltr'><strong>ceteri</strong></span> <span class='ocrx_word' id='word_1_222' title='bbox 445 2920 587 2976; x_wconf 87' lang='lat' dir='ltr'><strong>sententias</strong></span> <span class='ocrx_word' id='word_1_223' title='bbox 608 2921 773 2993; x_wconf 84' lang='lat' dir='ltr'><strong>aperiebant:</strong></span> <span class='ocrx_word' id='word_1_224' title='bbox 798 2920 847 2976; x_wconf 87' lang='lat' dir='ltr'><strong>sed</strong></span> <span class='ocrx_word' id='word_1_225' title='bbox 866 2920 986 2977; x_wconf 83' lang='lat' dir='ltr'><strong>inrisum</strong></span> 
     </span>
    </p>
   </div>
   <div class='ocr_carea' id='block_1_3' title="bbox 0 0 1284 3692">
    <p class='ocr_par' dir='ltr' id='par_1_6' title="bbox 0 0 1284 3692">
     <span class='ocr_line' id='line_1_35' title="bbox 0 0 1284 3692; baseline 0 0"><span class='ocrx_word' id='word_1_226' title='bbox 0 0 1284 3692; x_wconf 95' lang='lat' dir='ltr'><strong> </strong></span> 
     </span>
    </p>
   </div>
  </div>
 </body>
</html>
