2559 3692
389 430 596 478 mutuoque.
618 432 695 478 ene.
717 433 757 477 41.
778 433 834 479 en·
952 428 998 481 eit

205 534 339 591 doemon
353 532 500 587 minimum
516 548 584 586 usus
598 530 797 603 minimumque
811 532 943 604 proiectus
959 551 1002 589 ers

204 604 334 664 medentis
348 606 429 663 hebet
442 607 471 661 in
485 605 528 660 his
541 605 677 679 gentibus,
688 622 757 677 quue
766 606 922 662 firmissime
930 607 1004 663 veie·

204 682 297 739 tudine
304 680 337 737 'ee
350 679 535 736 saluberrimis
549 680 703 751 corporibus
717 687 842 737 utuntur:
863 682 903 737 sie
916 682 1004 737 minor

203 764 338 814 erutorum
352 755 543 826 obscuriorque
556 754 641 829 glorie
650 762 691 809 est
699 756 768 810 inter
777 756 860 811 bonos
870 772 967 823 mores,
979 766 1005 811 et

203 833 235 888 in
253 830 415 903 obsequium
433 830 548 903 regentis
556 840 671 902 paretes.
710 828 783 897 Quid
796 831 869 885 enim
882 847 951 903 opus
964 839 1005 886 est

204 905 294 979 longis
312 905 342 959 in
360 912 452 960 senatu
472 904 625 968 sententiis,
641 920 704 959 cum
719 906 813 976 optimi
826 906 878 960 eito
891 922 1004 960 eonsen-

129 988 131 1021 ἱ
204 978 290 1035 tient?
307 978 375 1051 quid
383 976 476 1034 multis
487 978 560 1051 apud
569 976 699 1050 populum
709 979 960 1045 ooncionibus,eum
970 980 1004 1034 de

129 1062 131 1099 t
204 1052 343 1125 republieo
356 1070 410 1109 nou
423 1052 533 1125 inperiti
546 1061 572 1108 et
585 1052 664 1108 multi
673 1052 827 1120 deliberent,
839 1054 887 1109 sed
897 1055 1003 1125 sepien-

129 1140 131 1175 t
203 1129 327 1183 tissimus
350 1136 376 1183 et
394 1125 486 1183 unus?
513 1127 580 1203 quid
602 1126 759 1199 voluntariis
776 1127 1002 1193 adeumuonibus,

201 1221 267 1259 eum
285 1210 341 1257 tem
355 1220 415 1257 rere
429 1210 455 1257 et
468 1209 523 1257 tem
532 1219 611 1274 peree
625 1201 766 1274 peeeeturi
787 1202 1004 1275 quidinvidiosis

129 1288 131 1325 ἱ
203 1286 231 1335 et
242 1276 556 1333 excedentibus‘modum
568 1274 778 1343 defensionibus,
788 1295 851 1334 cum
864 1278 1003 1335 elementia
1060 1301 1062 1304 ·

129 1364 131 1401 a
203 1352 389 1427 eognoscentis
398 1344 505 1407 obviem
513 1350 724 1429 periclitantibus
734 1350 793 1407 eet?
810 1349 1004 1426 Credite,'opti-

204 1428 256 1493 mi,
269 1430 294 1483 et
302 1427 331 1481 in
341 1433 472 1499 quantum
480 1443 549 1498 opus
558 1432 607 1493 est,
619 1426 790 1483 disertissimi
799 1427 862 1495 viri,
873 1429 898 1484 si
906 1436 1004 1484 eutvos

203 1501 342 1575 prioribus
361 1500 485 1567 saeculis,
506 1509 552 1556 eut
566 1500 624 1567 isti,
640 1517 709 1575 quos
724 1501 868 1568 miremur,
890 1504 935 1559 bis
949 1504 1005 1559 neti

129 1592 130 1627 t
205 1583 306 1642 essent,
320 1593 351 1631 eo
362 1575 429 1631 deus
439 1574 538 1647 aliquis
552 1578 620 1631 vites
629 1584 731 1632 vestras
744 1594 774 1631 uc
782 1584 901 1648 tempore
909 1595 1006 1649 repen·

129 1698 130 1703 ,
202 1660 232 1709 te
245 1658 385 1721 mutasset,
397 1667 446 1705 neo
456 1650 532 1706 vobis
546 1668 653 1705 summe
662 1650 708 1706 illa
718 1651 777 1706 leus
786 1651 903 1725 etgiorie
912 1652 942 1707 in
951 1652 1006 1709 elo-

204 1727 326 1801 quentie,
342 1742 430 1799 neque
445 1724 500 1779 iilis
514 1724 616 1781 modus·
624 1734 650 1781 et
658 1734 895 1797 temperamentum
904 1726 1006 1781 debris-

205 1788 257 1859 sei.
297 1802 385 1867 Nune,
408 1802 534 1872 quoniam
554 1817 633 1857 nemo
651 1800 748 1874 eodem.
762 1808 880 1872 tempore
893 1801 1006 1873 adsequi

204 1882 293 1951 potest
305 1892 431 1950 megnem
446 1874 543 1931 famam
560 1884 718 1949 etmegnnm
731 1877 858 1947 quietem,
869 1876 940 1931 bono
948 1892 1007 1931 see-

129 1970 130 1975 *
204 1951 262 2009 culi
272 1952 316 2007 sui
326 1953 444 2025 quisque
453 1952 518 2005 citra
527 1951 739 2006 obtrectationem
750 1949 859 2005 ulterius
868 1958 967 2005 utatur.

264 2028 306 2083 ii.
328 2024 445 2080 Finierat
453 2026 597 2081 Maternus.
618 2026 688 2081 Tum
698 2024 823 2081 Messala:
843 2025 1007 2097 Erantqui-

204 2102 262 2156 bus
276 2100 492 2169 eontredieerem3
523 2108 606 2167 erant,
619 2100 770 2173 dequibus
785 2098 863 2172 plura
880 2097 935 2154 dici
949 2098 1007 2155 vel·

205 2174 273 2242 lem,
287 2175 342 2229 nisi
352 2175 407 2231 iem
421 2174 479 2229 dies
493 2181 562 2229 esset
575 2182 694 2231 exectus.
732 2174 799 2241 Fiet,
810 2174 900 2247 inquit
911 2174 1007 2230 Meter·

204 2266 272 2316 nus,
292 2248 584 2323 posteeerbitretutuo,
602 2257 628 2305 et
637 2250 662 2305 si
671 2266 726 2323 que
734 2250 784 2305 tibi
792 2250 905 2306 obscure
916 2249 1007 2305 inhoe

204 2342 269 2381 meo
278 2340 400 2391 sermone
408 2324 467 2379 vise
477 2332 550 2391 sunt,
561 2322 595 2379 de
603 2324 648 2379 his
656 2342 752 2381 rursus
762 2324 937 2381 eonferemus.
967 2324 1007 2379 Ae

188 2417 191 2422 ·
206 2398 292 2455 simul
307 2398 455 2471 adsurgens
469 2406 495 2453 et
503 2398 607 2471 Aprum
618 2399 783 2471 complexus,
794 2400 865 2475 Ego,¹
872 2400 971 2473 inquit,
980 2407 1007 2454 te

205 2476 303 2549 poetis,
314 2472 427 2529 Messeis
437 2474 596 2547 antiquariis
606 2474 819 2531 criminabimur.
858 2474 1007 2549 Ategovos

206 2548 360 2607 rhetoribus
370 2555 396 2603 et
406 2546 580 2614 scholasticis,
592 2548 689 2619 inquit.
797 2548 800 2553 ’

265 2622 334 2681 Cum
345 2622 511 2689 adrisissent,
522 2622 706 2689 disoeesimus.
