2559 3692
288 436 338 491 ese
527 435 851 488 ursnonranuu
948 427 1088 501 (anem

288 556 408 615 greesm,
419 556 473 611 quo
482 536 605 593 licentius
613 537 813 609 popularentur.
849 536 1049 610 Exploratores,
1060 548 1091 595 ut

289 632 347 672 mos
356 623 405 681 est,
417 614 524 687 longius
532 613 669 668 curabant.

344 694 385 746 46.
407 688 505 755 Quinte
518 687 601 743 imme
614 686 680 742 hora
692 683 746 741 diei
759 695 824 752 eret,
845 702 909 741 oum
920 686 991 741 citus
1004 704 1092 760 eques

289 764 430 821 edventare
443 764 542 827 hostes,
556 761 696 835 prnegredi
704 774 812 833 pancos,
823 768 927 815 motum
936 760 1092 817 fremitum-

289 856 343 912 que
357 838 407 893 lete
419 837 508 907 audiri
522 837 665 892 nuntiavit.
703 836 774 890 Dum
792 835 934 900 Antonius,
955 837 1092 907 quidnam

289 913 433 987 egendum,
450 910 589 976 consultat,
606 910 731 965 aviditate
742 910 879 966 navandae
888 927 983 981 operae
992 913 1092 966 Arrius

288 988 376 1045 Varus
389 1003 452 1043 eum
466 986 675 1057 promptissimis
687 986 810 1057 equitum
823 986 963 1057 prorupit„
975 986 1093 1057 inpulit-

289 1059 516 1135 queVitellianos‚
533 1058 636 1115 modica
652 1060 745 1115 caede:
767 1077 829 1114 nam
839 1058 960 1131 plurium
971 1060 1090 1117 adcursu

289 1153 367 1203 versa
381 1133 494 1193 fortuna.
509 1142 534 1190 et
546 1135 692 1192 acerrimus
701 1135 818 1207 quisque
827 1134 1001 1207 sequentium
1010 1134 1093 1209 fugae

291 1211 403 1267 ultimus
412 1217 476 1265 erat.
496 1210 551 1265 Nec
560 1216 654 1281 sponte
664 1209 772 1266 Antonii
781 1216 965 1281 properatum
987 1208 1091 1276 stiore,

290 1302 360 1359 queo
378 1284 534 1349 acciderant,
555 1282 671 1339 rebatur.
700 1284 833 1339 'Hortatus
851 1301 924 1349 suos,
941 1292 973 1338 ut
991 1302 1093 1358 magno
1152 1345 1153 1348 ,

290 1361 380 1418 animo
393 1366 559 1431 capesserent
571 1376 701 1433 pugnam,
717 1358 874 1415 diductis'in
889 1358 969 1413 latera
979 1362 1090 1424 turmis,

290 1451 407 1491 vacuum
426 1432 513 1509 medio
533 1434 660 1505 relinquit
673 1434 732 1496 iter,
747 1450 802 1505 quo
814 1434 916 1489 Varum
930 1434 1093 1507 equitesque

290 1510 350 1565 eius
369 1508 510 1579 reciperet:
541 1509 630 1563 iussae
650 1508 747 1563 armari
769 1507 900 1581 legiones:
929 1507 1024 1566 datum
1043 1527 1093 1581 per

291 1584 400 1657 egrossi
439 1600 499 1647 um.
509 1590 547 1648 ut,
559 1600 613 1655 qua
623 1583 894 1654 cuiqueproximum‚
902 1583 1003 1638 omissa
1012 1601 1093 1655 prae-

290 1658 333 1724 de,
345 1674 407 1729 proe
418 1658 444 1712 io
455 1665 630 1714 occurrerent.
656 1656 772 1713 Pauidus
781 1657 889 1713 interim
898 1657 985 1713 Varus
996 1658 1094 1713 turbae
1152 1705 1153 1710 ,

291 1749 401 1789 suorum
415 1732 552 1800 miscetur,
565 1732 710 1805 intulitque
722 1731 901 1788 formidinem.
941 1732 1017 1788 Pulsi
1026 1750 1092 1788 cum

290 1808 389 1865 sauciis
409 1808 515 1881 integri,
535 1810 693 1879 suometipsi
712 1814 785 1862 metu
798 1815 825 1862 et
837 1808 969 1883 angustiis
982 1808 1092 1865 viarum

287 1882 516 1940 conflictabantur.
894 1910 897 1916 ·

346 1959 387 2013 Π.
405 1956 518 2013 Nullum
528 1956 556 2011 in
566 1955 613 2010 ilia
623 1955 795 2032 trepidatione
802 1954 934 2013 Antonius
942 1958 1092 2012 constantis

290 2032 368 2089 ducis
376 2041 422 2087 eut
432 2030 570 2087 fortissimi
579 2029 674 2084 militis
682 2029 802 2085 officium
811 2032 911 2086 omisit.
942 2031 1093 2088 Occursare

290 2107 464 2180 paventibus3
489 2106 602 2159 retinere
619 2104 755 2159 cedentes:
780 2105 829 2160 ubi
847 2104 983 2176 plurimus
1003 2106 1089 2173 labor,

291 2181 362 2237 unde
371 2180 462 2253 aliqua
469 2194 546 2250 spes,
567 2177 688 2244 oonsilio,
702 2196 795 2245 manu,
807 2182 998 2256 mosinsignis
1007 2180 1090 2248 hosti,

289 2256 451 2325 conspicuus
460 2254 533 2309 suis:
554 2259 727 2325 wpostromo
735 2254 837 2311 ardoris
845 2256 988 2327 provectus
996 2264 1048 2322 est,
1059 2266 1092 2311 ut

290 2329 460 2387 vexillarium
471 2327 617 2402 fingientm
626 2329 702 2385 basta
713 2330 951 2402 transverberaret:
971 2348 1037 2386 mox
1045 2349 1091 2385 re-

289 2412 367 2478 ptum
386 2402 515 2459 vexillum
535 2403 564 2458 in
583 2404 686 2459 hostem
700 2407 788 2461 vertit.
827 2405 888 2472 Quo
898 2404 1001 2479 pudore
1013 2406 1091 2461 haud

244 2522 246 2526 .
290 2478 391 2551 plures,
407 2480 490 2549 qua'm
504 2487 611 2536 centum
624 2480 737 2552 equites,
751 2480 879 2536 restitero
918 2482 989 2537 Iuvit
1001 2480 1088 2546 locus,

290 2556 400 2609 arctiore
413 2552 469 2618 illio
482 2552 536 2619 via,
556 2562 583 2608 et
596 2552 677 2609 fracto
690 2552 865 2610 interfluentis
876 2555 930 2609 rivi
937 2564 1027 2627 ponte,
1038 2557 1090 2627 qui

291 2630 390 2683 incerto
402 2626 477 2683 alveo
491 2635 517 2683 et
529 2628 720 2699 praecipitibus
733 2628 801 2700 ripis
817 2628 910 2703 iugem
923 2626 1088 2701 inpediebat.

290 2704 330 2759 Ea
348 2703 490 2759 necessitas
510 2719 559 2757 seu
576 2701 682 2758 fortuna
692 2702 844 2775 lapsasiem
857 2714 945 2775 partes
959 2704 1088 2759 restituit.

291 2778 402 2833 Firmati
411 2778 480 2833 inter
488 2794 527 2843 se,
538 2776 629 2833 densis
637 2776 778 2833 ordinibus
787 2778 1090 2850 excipiuntVitellianos
1144 2820 1149 2832 .

285 2862 390 2909 temere
401 2852 509 2910 effusos.
546 2851 635 2925 Atque
651 2851 692 2907 illi
705 2862 915 2909 constemantnr.
952 2852 1091 2910 dntomus

292 2930 390 2985 instare
398 2926 538 3001 perculis,
549 2936 667 2985 sternere
674 2927 777 2984 obvios.
797 2926 884 2983 Simul
894 2928 1090 2993 ceteriuteui-
