2559 3692
294 435 347 492 sot
535 436 862 495 uranonunnun
960 430 1099 504 (nonu.

295 536 448 613 enitescere.
486 536 592 596 Gaudio
604 535 823 611 clamoribusque
833 545 928 599 cuneta
937 539 1101 607 miscebant,

294 614 463 688 indiligentia
472 612 530 673 veri
538 610 699 671 etadulandi
708 611 829 671 libidine.
857 610 1102 679 PisnindioioSa-

294 690 386 764 gittae,
406 688 449 746 vel
464 689 545 746 insita
557 686 696 755 modestia.
716 704 769 749 uon
783 688 812 745 iu
821 686 963 759 publicum
973 704 1102 761 egressus

251 812 255 819 .
295 772 346 837 est,
355 762 589 840 nequesestudiis
601 761 679 835 vulgi
687 762 819 833 permisit.
854 758 1102 836 Centuriouemque

294 846 494 912 permutatus,
514 846 658 909 postquem
677 837 830 909 quaesitum
849 836 902 896 sibi
921 838 1029 901 crimen
1043 856 1102 897 oee-

288 914 414 986 .demque
430 913 569 985 comperit,
588 912 764 970 animadverti
783 912 813 967 in
831 911 1005 979 centussis,
1028 912 1102 972 baud

296 988 407 1061 perinde
414 1005 463 1059 spe
472 988 551 1051 vitae,
562 1002 646 1057 mem
657 987 696 1045 ira
706 986 734 1041 in
744 987 1019 1059 percussoremquod
1029 988 1100 1049 idem

295 1080 330 1125 ex
339 1062 551 1137 interlectoribus
560 1060 647 1120 Clodii
656 1062 748 1127 Macri,
764 1069 887 1124 cruentas
896 1060 977 1135 legati
987 1065 1101 1137 sungui-

296 1155 332 1195 ne
349 1154 447 1195 manus
464 1135 499 1191 ed
517 1134 624 1194 eaodem
643 1134 809 1208 proconsulis
825 1135 970 1198 retulisset.
1011 1136 1101 1199 durio

296 1211 392 1269 deinde
409 1211 494 1266 edicto
513 1209 780 1283 Carthaginiensibus
800 1210 946 1283 increpitis,
967 1228 1013 1270 ne.
1024 1212 1100 1272 solita

295 1286 407 1360 quidem
420 1286 514 1342 munia
528 1286 688 1357 usurpabat,
710 1285 818 1345 clausus
832 1287 901 1351 intra
914 1286 1046 1356 domum,
1067 1305 1099 1344 ne

295 1378 350 1434 qua
360 1368 449 1418 motus
458 1361 522 1417 novi
531 1377 627 1419 caussa
636 1359 679 1417 vel
689 1359 754 1417 forte
764 1361 887 1425 oriretur.
1058 1418 1060 1423 ,

350 1438 393 1492 50.
414 1434 467 1493 Sed
481 1435 528 1494 ubi
543 1436 621 1491 Festo
637 1437 814 1494 consternatio
826 1435 911 1510 vulgi,
931 1438 1097 1500 centurionis

295 1510 471 1583 suppliciunt,
486 1527 604 1582 ueraque
614 1518 643 1576 et
655 1508 721 1565 falsa
736 1528 810 1568 more
822 1510 907 1568 iamne
916 1511 946 1567 in
955 1511 1049 1570 maius
1058 1514 1098 1575 in·
1126 1514 1130 1523 “

296 1596 414 1651 notuere,
430 1586 534 1657 equites
548 1586 578 1641 in
591 1602 684 1643 necem
699 1586 803 1644 Pisonis
817 1586 907 1646 mittit.
946 1585 990 1647 Illi
1000 1590 1098 1659 raptim

296 1662 376 1727 vecti,
384 1660 499 1717 obscuro
507 1659 596 1716 adbuc
604 1668 710 1733 coeptae
720 1660 799 1727 lucis,
808 1660 919 1721 domum
927 1663 1098 1732 proconsulis

294 1737 465 1807 inrumpunt,
485 1734 617 1791 destrictis
629 1734 742 1809 gladiis:
763 1743 789 1791 et
804 1753 901 1809 magne
914 1752 978 1807 pera
991 1736 1097 1799 Pisonis

295 1812 392 1884 ignari,
409 1811 483 1884 quod
491 1811 591 1867 Poenos
601 1810 746 1870 auxiliares
754 1810 915 1887 Maurosque
927 1811 956 1868 in
968 1827 1030 1873 esm
1040 1830 1098 1873 caa-

295 1889 357 1945 dem
374 1886 516 1960 delegerat.
539 1886 637 1950 *Haud-
651 1884 744 1957 procul
764 1885 889 1943 cubiculo
901 1885 1015 1946 obvium
1033 1886 1097 1945 torte

251 2015 253 2019 .
294 1979 420 2028 mavum,
446 1965 566 2031 coenem
588 1969 614 2016 et
635 1964 681 2023 ubi
702 1968 766 2018 esset
784 1958 863 2017 Ptac?
890 1960 1094 2035 interrogavere.

296 2036 395 2094 Servus
415 2035 521 2109 egregio
538 2034 686 2099 mendacio,
706 2052 734 2089 se
746 2036 862 2103 Pisonem
870 2053 931 2100 ease,
943 2038 1093 2107 responditr

296 2128 327 2166 nc
340 2111 430 2168 statim
442 2110 624 2171 obtruncatur.
663 2109 719 2167 Neo
733 2108 818 2171 multo
826 2117 887 2182 post
895 2110 957 2167 Piso
969 2112 1097 2172 utuini-

295 2193 354 2241 tur:
384 2202 502 2257 nemque
519 2184 618 2249 aderat,
638 2184 688 2256 qui
701 2192 830 2251 nosceret,
849 2184 948 2241 Bobius
960 2185 1061 2253 uana,
1083 2204 1097 2243 e

294 2260 511 2332 procuratoribus
520 2258 634 2325 Africae,
646 2260 700 2315 iam
710 2266 775 2319 tuno
783 2259 883 2331 optimo
892 2260 993 2333 cuique
1002 2262 1096 2323 exitio-

295 2352 354 2399 sus,
364 2342 391 2389 et
399 2336 546 2410 incaussate
556 2333 775 2406 malorumque
784 2351 848 2393 mon
857 2334 1095 2410 tulimunsaapius

295 2409 440 2467 rediturus.
472 2410 567 2467 Festus
577 2408 732 2475 Adrumeto,
743 2409 791 2467 ubi
799 2410 1021 2481 speculabundus
1030 2412 1095 2470 sub-

296 2486 405 2548 niteret,
421 2482 455 2540 ad
465 2482 596 2557 legionem
611 2485 755 2549 contendit,
770 2483 988 2557 praefectumque
996 2496 1104 2551 castro·

295 2576 368 2625 rum,
388 2556 541 2630 Cotronium
549 2560 689 2624 Pisanum,
710 2559 807 2615 vinciri
821 2560 909 2626 iussit.
929 2562 1093 2633 proprisset)

295 2631 457 2690 simultates:
478 2634 527 2689 sed
539 2636 641 2694 Pisonis
654 2637 792 2692 satellitem
806 2634 924 2701 vocabat,
942 2636 1093 2710 militesque

295 2715 322 2765 et
334 2708 645 2781 centurionesquosdam
659 2708 758 2781 puniit,
772 2707 838 2766 alios
846 2710 976 2781 pneemiis
984 2711 1090 2769 adlecb:

295 2791 421 2839 neutrum
431 2801 465 2838 ex
475 2784 577 2849 merito,
593 2784 681 2841 sednt
689 2784 855 2857 oppressisse
863 2784 965 2843 bellum
975 2786 1092 2846 credere-

295 2861 348 2912 tur.
378 2858 441 2915 Mox
450 2856 594 2916 Oeensium
604 2860 859 2931 Leptitanorumque
867 2859 1014 2920 discordias
1022 2878 1092 2923 eom·-

295 2933 379 3003 ponit‚
395 2950 474 3005 quae,
489 2940 567 3005 raptu
581 2932 691 3009 frugum
706 2941 731 2995 et
744 2950 872 3005 pecorum
883 2934 953 2992 inter
965 2944 1090 3009 agrestes.
