2559 3692
297 444 346 497 l02
537 446 863 493 nisuotttauult
959 436 1096 509 (mmm.

296 547 407 613 xandro,
427 548 477 621 qui
490 546 617 603 Kalendis
630 545 707 601 iuliis
724 554 889 601 sacramento
904 546 965 599 eius
978 543 1099 617 Ιεςὶοηω

296 622 392 697 adegit.
432 623 512 694 leque
530 623 636 694 primus
654 622 819 693 principatus
839 620 897 675 dies
914 620 944 674 in
958 628 1098 690 posterum

296 696 452 762 celebratus,
473 692 600 770 quamvis
618 695 744 751 Iudaicus
762 696 895 751 exercitus
913 694 946 751 V.
961 695 1030 749 Non.
1043 692 1096 749 Iul.

296 772 367 843 apud
381 773 472 843 ipsum
486 773 609 836 iurasset,
620 770 761 835 coardore,
774 778 847 824 utne
857 770 932 825 Titus
942 768 1056 840 quidem
1066 769 1097 822 li·

296 844 350 901 lius
359 854 564 918 exspectaretur,
579 844 658 920 Syria
667 861 799 910 remmus,
810 852 836 899 et
844 843 1019 899 consiliorum
1027 843 1097 897 inter

295 922 451 976 Mucianum
460 937 492 975 ac
500 929 601 992 patrem
611 921 733 977 nundus.
764 918 864 975 Cuncta
874 920 967 989 inpetu
976 917 1096 971 militnm

295 1004 362 1060 acta,
374 1004 525 1066 conparata
534 995 670 1060 concione,
681 1012 735 1051 non
744 994 893 1051 coniunctis
903 991 1067 1065 legionibus.

350 1073 393 1125 80.
412 1070 483 1123 Dum
499 1070 636 1141 quaeritur
649 1078 766 1141 tempus,
785 1068 870 1133 locus,
889 1066 1017 1139 quodque
1028 1068 1096 1123 inre

295 1143 341 1200 tali
351 1142 552 1210 difficillimum,
568 1146 658 1216 prima
665 1162 728 1210 vox,
743 1144 810 1199 dum
818 1144 909 1199 auimo
919 1158 992 1213 spes,
1003 1143 1093 1207 timor,

295 1220 371 1283 ratio,
387 1235 466 1273 casus
478 1218 666 1275 obversantur:
686 1236 825 1293 egressum
835 1217 958 1275 cubiculo
967 1216 1095 1289 Vespasi-

296 1288 378 1347 anum
393 1293 472 1365 pauci
485 1292 594 1359 milites,
609 1293 687 1349 solito
700 1293 858 1349 adsistentes
868 1292 970 1360 ordine,
981 1299 1013 1347 ut
1023 1292 1095 1367 lega-
1150 1299 1151 1304 ’

295 1376 354 1421 tum
363 1366 512 1433 salutaturi,
519 1374 699 1437 imperatorem
710 1368 867 1424 salutavere.
878 1368 948 1422 Tum
958 1369 1039 1422 ceteri
1048 1366 1095 1421 ad-

295 1457 410 1507 currere,
433 1441 570 1497 &ctorem
582 1452 608 1499 et
621 1444 773 1511 decumum,
793 1451 819 1499 et
825 1443 915 1500 ornuia
927 1443 1094 1513 principatus

294 1516 423 1573 vocabula
438 1516 584 1573 cumulare.
624 1518 700 1573 lllens
714 1517 998 1573 ametuadlortunam
1007 1525 1095 1571 uane-
1151 1561 1152 1588 ,

294 1591 370 1646 ierat.
410 1592 513 1663 inipso
527 1592 595 1647 nihil
609 1592 755 1656 tumidum,
767 1592 908 1667 adrogans,
918 1591 1004 1646 autin
1013 1590 1094 1645 rebus
1151 1591 1152 1596 ’

295 1664 373 1719 novis
392 1683 492 1724 notum
511 1665 570 1723 luit.
609 1668 645 1725 Ut
660 1667 779 1740 primum
800 1675 885 1723 tantae
899 1665 1094 1731 vicissitudinis

294 1738 417 1797 oblusam
431 1741 517 1797 oculis
530 1741 673 1817 caliginem
686 1743 800 1808 disiecit,
815 1742 965 1797 militariter
977 1739 1092 1807 locutus,

296 1813 363 1871 laeta
380 1819 470 1873 omnia
485 1824 510 1872 et
523 1816 666 1875 adlluentia
678 1818 790 1889 excepit.
830 1817 953 1887 Namque
964 1814 993 1869 id
1001 1816 1092 1887 ipsum

294 1892 436 1963 opperiens
447 1893 598 1957 Mucianus,
614 1893 728 1948 alacrem
743 1891 854 1947 militem
864 1892 893 1947 in
903 1890 983 1945 verba
992 1890 1094 1963 Vespa-

295 1967 469 2041 sianiadogit
493 1968 562 2021 Tum
572 1966 792 2021 Antiochensium
801 1966 932 2021 theatrum
942 1966 1092 2038 ingressus,

295 2040 343 2095 ubi
353 2040 408 2097 illis
418 2040 567 2097 consultare
580 2058 637 2099 mos
648 2048 701 2105 est,
709 2048 894 2097 concurrentes
903 2048 929 2094 et
942 2040 971 2093 in
980 2039 1095 2095 adulati-

293 2131 374 2171 onem
387 2114 484 2171 effusos
497 2114 665 2187 adloquitur:
686 2116 750 2171 satis
769 2115 881 2171 decorus
899 2115 979 2169 etiam
994 2114 1094 2169 Graeca

295 2188 429 2255 facundia,
445 2190 631 2262 omniumque,
648 2207 719 2263 quae
731 2190 830 2245 diceret
841 2199 922 2261 atque
930 2197 1028 2262 ageret,
1039 2198 1095 2243 arte

295 2263 412 2336 quadam
421 2272 571 2319 ostentator.
583 2264 656 2321 Nihil
667 2283 751 2337 aeque
761 2266 926 2337 provinciam
933 2265 1095 2335 exercitum-

295 2355 350 2411 que
358 2338 485 2405 accendit,
494 2357 576 2411 quam
586 2340 659 2414 quod
668 2340 839 2397 adseverabat
847 2340 996 2402 Mucianus,
1008 2348 1108 2393 etate·

295 2420 346 2469 isse
361 2415 498 2478 Vitellium,
508 2424 537 2469 ut
549 2415 720 2471 Germanicos
729 2419 839 2485 uptome
848 2421 877 2470 im
886 2415 992 2483 Syriam
1000 2418 1037 2467 ud
1044 2419 1096 2467 mi-

296 2492 381 2545 litiam
389 2492 535 2557 opulentam
544 2497 707 2561 quietumque
716 2496 883 2560 tenerescere&
897 2497 990 2543 metro
998 2488 1096 2557 Spelu-

296 2569 334 2619 cis
352 2567 494 2633 lepiouibus
514 2564 670 2621 Gerounion
689 2568 809 2630 tiberne,
831 2568 900 2619 coeto
914 2582 946 2617 ac
962 2566 1096 2618 laboribus

285 2638 373 2703 'duem
389 2647 559 2695 mutarentur.
598 2638 705 2711 Quippe
712 2648 739 2694 et
748 2638 924 2711 provinciales
935 2646 1012 2695 sueto
1021 2637 1096 2693 mili-

295 2722 354 2773 tum
364 2713 536 2770 contubernio
544 2714 704 2788 gaudebant,
718 2712 842 2786 plerique
850 2711 1095 2769 necessitudinibus

296 2797 322 2845 et
339 2786 583 2860 propinquitatibus
600 2790 694 2857 mixti3
715 2797 741 2845 et
758 2789 890 2845 militibus
902 2796 1033 2843 vetustate
1046 2789 1096 2842 sti-

296 2863 455 2995 qolndgqraurtrr
465 2871 525 2921 nota
532 2873 557 2921 et
564 2856 703 2921 familiaria
711 2872 796 2920 castra
804 2865 832 2920 iu
839 2863 950 2921 modum
955 2862 1095 2919 Penatium

301 2956 363 3013 ,riq
413 2954 484 2996 nur.

1146 270 1148 338 l
