2559 3692
202 436 326 511 nou.)
414 447 495 492 n1e.
514 445 549 494 v.
569 447 658 528 oon.
679 446 782 499 rosso.
948 444 994 499 stt

200 547 344 603 invaserit:
363 544 497 604 ominem
510 544 643 619 legionem
657 543 780 612 Arenaci,
796 547 941 609 seouudem
949 550 1000 605 m-

200 620 334 685 toroduri,
345 628 372 675 et
379 620 496 679 Grinnes
505 620 671 693 Vodomque,
686 621 834 677 oobortium
845 620 1000 696 alarumque

199 703 302 766 oestro3
319 695 359 767 ita
372 695 469 751 divisis
482 696 576 767 oopiis,
591 702 622 752 ut
633 696 694 767 ipse
702 696 833 762 etversx,
844 712 933 761 sorore
942 699 1000 755 eius

200 771 320 844 genitus,
334 768 522 842 Classicusque
535 788 567 825 oo
578 770 661 825 Tutor
675 786 753 829 suom
763 770 880 843 quisque
890 788 999 831 monum

199 844 348 902 traherent:
369 861 419 900 neo
430 845 520 901 omniu
534 844 657 917 patrandi
671 843 783 914 flduoiu3
803 844 1001 907 sedmultooo-

199 924 240 975 eis
258 922 350 988 aliquo
367 921 396 981 ἐκ
409 928 488 988 porte
498 924 632 989 [ortumve
642 923 742 989 adfore.
779 918 865 975 Simul
876 919 1001 979 Cerialem

200 997 358 1063 neqoeeotie
366 1002 480 1058 sautum
487 1002 513 1049 et
518 997 641 1062 plebibus
650 998 749 1049 nuntiis
758 997 808 1049 buo
817 997 881 1051 illut
890 1012 1001 1053 eurono-

202 1077 267 1133 tem,
276 1071 446 1136 ewremodio
459 1073 588 1137 intercipe.
625 1066 731 1135 Quibus
745 1068 906 1132 obvenerunt
916 1078 1000 1127 oestro

200 1142 423 1207 decumanorum,
440 1144 666 1215 oppugnationem
684 1142 803 1217 legionis,
813 1142 926 1201 nouom
938 1144 999 1210 ruti,

202 1234 344 1295 egressum
353 1214 510 1281 militemet
517 1216 658 1273 medendis
667 1218 1001 1290 meteriisoperotumtur·

199 1288 546 1360 boverooorisoprroterto
555 1297 701 1347 metrorum
712 1293 1000 1365 etquinqueprimori-

198 1366 257 1421 bus
267 1364 453 1419 oenturionum
465 1364 614 1437 peuoisque
624 1364 766 1421 militibus.
805 1366 889 1423 Ceteri
899 1385 929 1423 so
937 1385 1000 1423 mu-

200 1439 333 1495 nimentis
352 1435 500 1495 defendere.
537 1440 572 1494 Et
583 1440 691 1496 interim
700 1440 891 1497 Germanorum
903 1460 999 1501 monus

199 1512 364 1579 Batavoduri
373 1530 498 1585 rumpere
506 1514 660 1572 inobootum
668 1523 776 1586 pontem
785 1517 943 1573 nitebantur.
995 1559 999 1567 .

234 1663 241 1677 ·
259 1591 310 1677 il..
323 1586 489 1677 Ambiguum
502 1589 634 1660 proelium
649 1606 703 1645 nox
715 1589 834 1647 diremit
870 1590 933 1647 Plus
945 1591 1001 1647 olis·

199 1662 999 1813 eie:tmbbtulluulltiubee:

202 1810 340 1867 interiecto
362 1810 508 1871 fortissimo
531 1830 653 1886 quoque:
689 1814 717 1869 in
741 1814 804 1885 quis
824 1813 1000 1887 Briganticus,

203 1885 427 1959 preelectusoloe,
439 1887 578 1956 moderat,
600 1906 682 1961 quem
692 1886 776 1945 fidum
786 1888 913 1949 Minonis
923 1897 947 1944 et
957 1888 1001 1945 Ci-

202 1962 254 2017 vili
263 1961 395 2019 avunculo
404 1960 540 2018 infensum
548 1962 678 2020 dimmus.
699 1961 751 2019 Sed
760 1963 808 2021 ubi
819 1962 929 2025 Coriolis
939 1981 1001 2021 oum

202 2035 304 2093 delecto
314 2034 436 2108 equitum
446 2054 529 2094 manu
538 2037 674 2103 subvenit,
686 2054 762 2093 verso
773 2036 888 2105 fortune,
899 2040 1002 2111 proeci-

201 2112 274 2184 pites
284 2111 410 2169 Germani
418 2112 448 2169 iu
456 2129 563 2169 omnem
573 2121 698 2187 agontur.
738 2112 842 2179 Civilis,
854 2113 921 2169 dum
929 2112 1001 2188 lugi·

202 2192 279 2241 entes
293 2193 412 2251 retentet,
431 2187 538 2261 agnitus
554 2188 707 2261 petibrmuo
720 2186 790 2253 telis,
811 2188 901 2245 relioto
919 2206 998 2263 equo,

201 2261 353 2316 monsterit.
392 2260 465 2317 idem
476 2261 730 2337 Verooiseffugium.
767 2263 891 2321 Tutorem
901 2263 1000 2321 Classi-

201 2352 321 2407 cumque
330 2334 457 2407 adpulsae
466 2335 558 2392 lintres
567 2349 672 2393 vexere.
710 2336 750 2393 Ne
762 2345 819 2395 tum
829 2338 938 2411 quidem
947 2340 1000 2397 Ro-

202 2427 284 2465 mona
293 2409 386 2465 elensis
395 2427 502 2485 pugnae
513 2410 606 2479 odiuit,
616 2419 648 2467 ot
655 2413 763 2469 iussum
772 2422 840 2473 erotr
861 2413 1000 2473 sedobsti·

203 2485 235 2541 tit
250 2482 362 2541 formido
374 2492 401 2540 et
409 2487 523 2561 remiges
535 2504 583 2559 per
592 2486 644 2543 olio
653 2486 763 2543 militiae
773 2490 865 2545 munio
874 2488 998 2560 dispersi.

202 2558 273 2617 Sane
287 2558 398 2615 Coriolis
414 2573 510 2633 porum
524 2563 651 2633 temporis
665 2561 698 2617 ed
712 2563 999 2635 ensequsndnimperie

202 2632 296 2689 dubet:
316 2632 424 2689 subitus
441 2636 570 2703 oonsiliis,
590 2635 639 2693 sod
656 2645 753 2693 eventu
767 2638 865 2693 clarus.
903 2638 1000 2699 Aderat

202 2707 320 2775 lortuno,
334 2708 415 2766 etiam
428 2709 476 2767 ubi
486 2718 556 2774 ortes
565 2710 721 2767 defuissent.
753 2714 828 2769 -llino
836 2713 890 2785 ipsi
899 2713 1000 2767 exorcis

202 2784 300 2855 tuique
312 2783 401 2839 minor
416 2801 481 2839 euro
495 2784 661 2858 disoiplinoo.
698 2786 733 2842 Et
739 2804 844 2859 ,peuoos
859 2794 918 2857 post
931 2786 997 2851 dies,

202 2874 372 2931 quamquam
380 2857 531 2932 perieulum
539 2861 699 2932 oopb'vitotis
709 2863 846 2928 evasisset,
861 2858 999 2918 infantium

201 2951 258 2989 non
269 2933 323 2987 vito
343 2934 370 2989 't
575 2987 580 2999 ,
648 2972 651 2975 -
674 2991 675 2997 ,

243 2951 353 3064 'leonii
373 3008 403 3063 ll.
773 3006 797 3074 Q
