2559 3692
183 472 210 507 r.
224 447 308 523 ατο.)
399 457 481 507 nun.
500 456 549 505 lv.
570 458 660 506 car.
680 460 769 506 a-c.
935 453 986 511 ⁴73

184 562 266 617 licam
279 560 309 614 in
318 558 593 631 bonum-principem,
607 560 645 615 ita
658 556 675 591 ⁴
685 557 729 591 *⁴
738 556 755 591 ⁴
764 556 780 589 ⁴
792 556 859 614 falae
867 558 984 627 abermt,

182 645 209 692 et
224 634 324 691 studiis
338 640 447 688 sanetus
461 632 643 690 adullebatur.
683 634 765 707 laquo
776 634 938 707 praecipuus
945 636 987 691 illi

182 712 254 776 dics,
267 725 381 783 magnae
389 706 617 765 offensaainitium
627 716 776 783 etmagnaa
783 708 885 783 gloriae
895 708 955 765 fuit.
981 739 984 747 ·

240 788 268 840 5.
289 784 343 839 llas
356 800 464 855 poscere
475 783 590 849 videtur,
601 783 667 856 quia
678 784 777 839 iterum
786 786 816 840 in
826 785 988 840 mentionem

182 858 335 917 incidimus
345 859 398 913 viri
406 858 515 931 saepius
522 858 698 924 memorandi,
712 867 744 914 ut
752 859 836 915 vitam
846 858 988 931 studiaque

183 937 257 999 eina,
268 941 295 1007 et
303 932 378 1007 quali
388 932 492 989 fortuna
502 934 538 988 it
546 949 623 999 uana,
637 934 732 1005 paucio
740 941 868 1005 repetam.
897 933 989 989 Helai*

183 1010 250 1066 diua
264 1010 382 1075 Priscus,
399 1008 556 1064 Tarracinae
567 1008 725 1080 municipio,
739 1008 835 1064 Cluvio
843 1015 927 1081 patra,
938 1010 988 1081 qul

183 1084 310 1141 ordinem
323 1081 454 1156 primipili
469 1082 599 1150 duxisset,
615 1083 755 1157 ingenium
764 1082 881 1139 inlustre
888 1082 989 1138 altiori·

183 1161 240 1217 bua
253 1158 353 1215 studiis
365 1160 472 1213 iuvenis
486 1158 630 1214 admodum
643 1157 731 1213 dedit:
751 1175 806 1215 non
815 1156 986 1231 ntplariqua,

185 1402 232 1441 rea
243 1384 387 1455 sapientiae
395 1390 505 1438 secutus
514 1390 564 1449 eat,
574 1382 623 1455 qui
633 1380 689 1437 acle
698 1382 776 1447 bona,
787 1398 857 1454 quae
865 1382 985 1448 honesta,

185 1457 261 1515 mala
271 1466 382 1525 mutum,
393 1474 463 1531 quae
471 1458 574 1530 turpia:
593 1458 747 1529 potentiam,
759 1456 933 1531 nobilitum,
944 1474 989 1512 ce-

185 1542 299 1606 teraque
308 1541 380 1589 extra
390 1533 521 1598 animum,
531 1531 892 1605 noqnabonianequamalia
902 1532 988 1589 adnu-

186 1616 303 1665 merant.
342 1607 514 1675 Quaeatoriua
532 1607 630 1673 adhuc,
650 1624 666 1662 a
684 1608 763 1663 Paeto
778 1606 894 1662 Thrasea
906 1624 988 1680 gener

186 1683 317 1748 delectus,
337 1700 353 1737 a
370 1683 491 1739 moribus
510 1684 595 1739 soceri
608 1681 678 1737 nihil
694 1697 779 1755 aquo
792 1698 824 1736 ac
840 1679 987 1737 liberdum

186 1758 292 1815 hausit:
314 1757 392 1824 civia,
405 1766 518 1824 santur,
530 1758 653 1822 maritus,
664 1772 756 1829 gener,
765 1756 989 1821 amicua,cunctia

186 1836 259 1891 vitae
270 1831 369 1889 officiis
376 1832 534 1905 aequabilia,
548 1848 631 1905 opum
641 1838 814 1903 contemptor,
825 1831 890 1885 recti
899 1830 991 1902 pervi-

186 1926 248 1975 cax,
259 1914 384 1964 condano
394 1908 522 1963 adversus
531 1915 629 1963 metm.

243 1987 270 2039 6.
300 1982 397 2049 Erant,
425 1983 527 2055 quibua
555 1982 719 2055 adpetentior
739 1979 826 2035 famae
843 1978 988 2044 videretur,

187 2058 387 2131 quandoctiam
397 2057 562 2129 sapientibus
569 2057 669 2130 cupido
676 2056 778 2130 gloriae
784 2055 931 2113 norissima
941 2072 989 2110 ex·

186 2135 274 2189 uitur.
312 2132 408 2188 Ruina*
419 2132 502 2188 uocari
519 2132 549 2187 in
567 2130 695 2188 cnsilium
713 2130 821 2201 pulana,
840 2138 872 2185 ut
888 2129 989 2186 Gallam

186 2208 341 2280 principatu
350 2207 438 2273 rediit,
449 2201 604 2263 Marcellum
616 2206 741 2278 Eprium,
752 2203 894 2277 delatorem
904 2204 988 2259 Thra·

186 2300 260 2349 aeae,
276 2281 404 2341 ademare
417 2281 578 2356 adgreditur.
616 2280 656 2335 Ea
670 2279 745 2343 ultio,
758 2282 890 2335 incertam
904 2280 988 2335 maior

187 2356 337 2423 aninetior,
348 2365 470 2413 cenatum
479 2359 509 2412 in
518 2355 606 2413 studia
614 2354 764 2411 diduxerat.
798 2354 989 2410 Namaicada-

187 2438 231 2487 ret
238 2430 389 2505 Marcellus,
400 2448 496 2507 agmen
506 2446 613 2493 reorum
623 2429 798 2485 sternebatur.
836 2429 926 2485 Primo
934 2430 988 2483 mi-

188 2522 244 2563 nax
256 2514 398 2571 certamen,
415 2515 441 2563 ct
453 2506 567 2581 egregiis
582 2505 725 2577 utriusque
735 2504 899 2560 orationibua
908 2511 990 2558 teuta·

188 2591 259 2639 mm.
293 2583 365 2648 Mox,
376 2581 458 2638 durbia
467 2580 602 2639 voluntate
611 2579 721 2645 Galbae,
732 2578 827 2635 multia
835 2587 987 2634 aenatorum

187 2657 403 2730 deprecantibus,
419 2657 510 2713 omisit
524 2657 645 2713 Priscus:
665 2655 759 2718 mriia,
778 2663 810 2710 ut
821 2661 886 2721 aunt
900 2654 989 2710 homi·

187 2750 258 2788 num
271 2732 390 2807 ingenia,
404 2732 573 2787 sermonibus
588 2730 796 2787 moderationem
809 2728 986 2790 laudantium,

187 2815 236 2864 aut
251 2808 426 2867 constantiam
440 2806 645 2879 requirentium.
683 2804 822 2868 Getarum,
836 2820 868 2859 co
881 2810 990 2856 senatus

187 2882 243 2948 die,
263 2899 320 2955 quo
333 2882 368 2937 do
380 2882 495 2953 impet-io
507 2880 665 2953 Veapariani
683 2878 836 2942 censebant,
855 2876 990 2948 placuerat

189 2957 261 3013 mitti
268 2956 310 3015 ⁴ad
323 2957 473 3031 principem
488 2954 596 3036 legatae.
634 2954 705 3011 ilinc
716 2955 786 3011 iuter
797 2948 951 3006 Helvidium
963 2955 990 3005 et
