2559 3692
176 423 302 500 nen.)
380 434 458 480 usn.
476 434 513 480 11.
534 435 623 482 css.
643 435 687 482 ss.
707 435 751 481 ts.
942 430 977 484 83

129 533 130 536 ’
177 545 202 592 et
211 534 323 592 Celsum
334 535 475 600 noxiavit,
490 533 626 606 dispositis
635 535 691 590 iam
700 535 832 600 excubiis,
843 552 978 607 eompres·

177 613 272 683 sisque
282 608 426 674 militibus,
441 625 508 681 quos
519 611 625 665 Annius
635 609 731 665 Gallus
744 610 880 681 precibus,
890 612 979 667 eonsi-

176 685 222 751 lio,
239 684 394 741 auetoritate
407 682 521 750 flexerat,
542 703 574 739 ne
587 703 666 754 seper
679 689 780 740 etatem
792 689 917 742 ademtae
926 703 978 753 pu-

175 778 244 830 gnae
261 763 370 814 suismet
385 763 437 830 ipsi
456 763 576 816 caedibus
589 765 727 815 saevirent.
765 759 828 814 Sive
840 763 901 829 pois
914 763 979 813 tello

175 839 296 898 venisset,
317 851 363 902 eeu
375 851 503 888 resumere
516 852 593 889 urana
606 838 720 899 mallent,
740 839 846 890 animm
858 839 936 891 vietis
951 839 981 888 in

178 925 305 965 consensu
319 910 496 962 levamentum.
534 907 633 964 Ceteris
647 908 746 964 fractus
760 910 882 965 enimus:
903 925 980 979 prae·

176 985 299 1040 totianus
317 981 406 1047 miles,
425 1000 477 1038 non
494 988 591 1038 virtute
601 987 638 1048 se,
657 989 702 1038 sed
713 989 861 1053 proditione
873 989 978 1045 nictum,

177 1058 317 1116 fremebat.
358 1057 397 1112 Ne
420 1059 567 1113 Vitellianis
587 1063 690 1128 quidem
711 1064 874 1115 tormentum
898 1062 980 1129 subse

176 1138 327 1192 victoriam,
335 1135 412 1200 pulso
422 1137 513 1202 equite,
523 1142 602 1202 rupta
611 1137 720 1202 legionis
728 1137 833 1203 opsilm
848 1149 980 1201 supeream

178 1227 238 1265 eum
253 1213 310 1276 ipso
325 1207 422 1262 Othone
435 1211 546 1262 militum
555 1213 623 1277 quod
633 1217 708 1263 trans
716 1209 916 1279 ementiore:
934 1225 980 1262 ae-

177 1289 237 1340 nire
249 1281 379 1338 Moesicas
393 1285 517 1351 lepiones:
541 1300 662 1352 mapoom
676 1287 806 1338 enormes
816 1291 919 1351 partem
928 1283 980 1336 lie-

178 1361 267 1414 drinei
279 1359 449 1412 remansisse:
472 1360 518 1411 bas
533 1367 600 1412 eerte
613 1362 726 1412 nemum
737 1362 833 1412 metes:
853 1365 885 1421 et,
901 1361 927 1412 si
939 1362 978 1411 ita

178 1440 268 1506 smet,
284 1435 415 1486 honestius
431 1436 459 1486 in
471 1435 527 1486 aete
539 1438 678 1500 perituros.
716 1433 764 1486 llis
777 1431 980 1505 cogitationibus

179 1517 269 1564 buttes
279 1514 325 1561 aut
338 1505 439 1576 pavidi,
454 1514 569 1560 extrema
579 1507 762 1579 desperatione
772 1507 806 1562 ad
814 1507 980 1578 iramssepi-

179 1601 223 1649 us,
235 1599 320 1655 quam
329 1581 358 1635 in
368 1579 546 1647 formidinem,
557 1581 772 1639 simulabantur.

236 1734 280 1787 tt.
302 1729 504 1786 sevissimus
514 1729 645 1784 exereitus
654 1729 823 1801 adquisitum
834 1690 981 1786 aBedtiaeo

181 1806 301 1880 lapidem
313 1805 441 1870 eonsedit,
456 1822 509 1860 non
522 1805 596 1860 ausis
609 1804 725 1860 ducibus
739 1804 831 1878 eadem
843 1803 887 1858 die
895 1820 982 1874 oppu-

181 1883 336 1956 gnationem
349 1888 509 1948 castrorum3
530 1878 612 1936 simul
622 1876 982 1948 voluntariadeditiospera-

181 1957 269 2014 batur.
310 1955 362 2010 Sed
378 1955 508 2027 expeditis
527 1962 553 2010 et
566 1962 670 2010 tantum
684 1952 859 2026 adpreelium
868 1952 982 2026 egressis

182 2032 385 2087 munimentum
395 2028 468 2086 luere
477 2047 550 2085 arma
560 2039 586 2084 et
595 2030 714 2085 vi'etoda
735 2030 840 2084 Postera
849 2026 982 2092 die,baud

182 2107 311 2180 ambigua
321 2104 463 2160 Othoniani
473 2107 604 2160 exereitus
614 2105 757 2168 voluntate,
766 2111 801 2169 et,
813 2104 862 2175 qui
870 2101 981 2158 tenete-

181 2199 224 2237 res
235 2179 351 2245 fuerant,
362 2179 396 2234 ad
404 2181 591 2250 poenitentiam
601 2179 802 2244 inclinantibus,
817 2179 900 2233 missa
910 2177 982 2251 lega-

181 2257 230 2312 tiot
252 2271 303 2310 nee
315 2253 388 2326 apud
397 2254 477 2310 duces
487 2253 640 2311 Vitellianos
651 2254 811 2318 dubitatum,
825 2270 880 2325 que
888 2253 980 2310 minus

181 2348 276 2404 paoem
300 2329 480 2385 eonoederent.
519 2329 610 2402 Legati
633 2328 780 2401 paullisper
801 2328 904 2383 retemi.
941 2327 982 2382 Es

181 2424 224 2461 res
239 2405 441 2460 haesitationem
456 2403 559 2470 adtulit,
574 2405 675 2477 ignaris
691 2404 789 2468 adhuc,
803 2421 838 2458 au
850 2404 982 2474 inpetras-

177 2488 250 2536 sent.
291 2481 355 2536 Mox
374 2478 485 2534 remissa
499 2478 641 2552 legatione,
662 2481 748 2549 patuit
760 2477 872 2534 vallum.
911 2478 981 2532 Tum

182 2555 247 2612 vieti
266 2555 435 2626 victoresque
453 2555 483 2608 in
502 2553 624 2608 lacrimas
638 2554 726 2619 effusi,
746 2561 844 2608 sermm
859 2550 981 2608 civilium

182 2647 320 2686 umorum
331 2629 428 2684 misera
441 2627 538 2683 laetitia
550 2629 717 2684 detestantes.
755 2628 854 2683 lisdem
863 2627 982 2682 tentoriis

183 2704 228 2760 alii
238 2703 415 2768 fratrum,alii
425 2705 636 2776 propinquorum
642 2704 753 2760 vulnera
764 2702 896 2762 fovebant.
915 2701 982 2772 Spes

183 2788 208 2834 et
219 2779 340 2852 praemia
354 2778 383 2833 in
399 2779 538 2852 ambiguo:
560 2788 639 2846 certa,
654 2779 782 2834 funestet
791 2777 889 2833 luctus.
928 2777 983 2830 Nee

183 2856 332 2927 quisquam
346 2853 410 2909 aden
423 2854 488 2908 mali
501 2871 606 2926 expers,
626 2862 723 2910 utnon
738 2852 858 2925 aliquam
870 2858 983 2906 mortem

183 2936 322 2985 maereret.
356 2929 531 3002 ¹llequisitum
540 2928 755 3053 Orphidiilegapi
763 2943 871 3006 eorpus,
885 2925 984 2978 bonore
