2559 3692
308 426 358 481 250
477 430 506 478 G.
525 428 748 477 CORNELIUS
768 428 935 477 Tncruus

306 529 453 589 sciscendis
467 528 646 602 principibus,
665 528 698 584 de
709 529 1031 603 pacadeniqucacbello,
1053 531 1110 605 ple-

308 622 424 679 rumque
433 606 462 659 in
471 606 602 661 conviviis
611 604 773 661 consultant:
788 612 924 677 tamquam
936 604 1013 662 nullo
1022 609 1110 681 magis

309 691 426 753 temporo
439 679 533 736 autad
548 678 685 751 simplices
699 678 869 751 cogitationes
884 686 971 751 pateat
987 682 1108 747 animus,

308 754 397 813 autad
406 772 517 829 magnas
525 752 675 809 incalescat.
715 754 957 820 Gensnonastuta,
973 755 1110 811 neccalli-

308 830 352 897 da,
363 829 447 903 aperit
455 828 543 885 adhuc
552 836 651 884 secreta
660 828 773 901 pectoris
783 826 888 883 licentia
898 828 959 885 ioci.
980 830 1056 904 Ergo
1065 830 1109 885 de·

309 912 374 960 tacta
387 912 413 959 et
427 903 499 959 nuda
512 904 635 959 omnium
650 920 726 959 mens
737 910 841 975 postera
851 902 895 958 die
905 910 1074 971 retractatur,
1086 916 1107 961 et

308 979 382 1035 salva
395 979 538 1049 utriusque
550 979 676 1050 temporis
689 978 755 1033 ratic
768 985 817 1033 est.
856 972 1021 1045 Deliberant,
1043 980 1106 1036 dum

308 1054 552 1129 fingercnosciunt:
567 1052 740 1119 constituunt,
746 1053 812 1108 dum
822 1070 909 1109 errare
917 1070 973 1109 non
981 1066 1104 1127 possunt.

361 1132 405 1185 23.
427 1126 502 1183 Potui
511 1125 608 1186 humor
617 1144 651 1182 ex
660 1126 758 1185 hordeo
766 1135 812 1182 aut
821 1126 965 1194 frumento,
981 1130 1012 1184 in
1022 1148 1106 1203 quan-

308 1202 370 1259 dam
383 1198 588 1257 similitudinem
604 1200 661 1256 vini
674 1211 829 1273 corruptus.
868 1203 989 1258 Proximi
1000 1206 1076 1277 ripae
1084 1214 1106 1259 et

308 1278 403 1332 vinum
413 1285 573 1331 mercantur.
597 1274 658 1333 Cibi
667 1274 818 1349 simplices:
839 1279 952 1350 agrestia
962 1294 1056 1349 poma,
1067 1296 1104 1333 rc-

307 1369 371 1407 cens
381 1348 444 1416 fera,
456 1359 502 1405 aut
513 1350 552 1405 lae
561 1359 722 1409 concretum.
743 1348 806 1407 Sine
815 1349 1021 1427 adparatu‚sine
1031 1352 1104 1409 blan-

307 1424 433 1483 dimentis
442 1426 578 1497 expellunt
589 1425 697 1481 famem.
717 1423 854 1481 Adversus
863 1425 938 1481 sitim
948 1444 1005 1483 non
1015 1428 1102 1496 eadem

306 1503 488 1573 temperantia.
508 1500 537 1556 si
548 1500 691 1557 indulseris
701 1478 829 1567 ebrietati,
839 1500 1011 1575 suggerendo
1021 1520 1103 1578 quan-

307 1585 366 1631 tum
380 1576 580 1647 concupiscunt,
595 1572 668 1631 haud
682 1578 774 1631 minus
787 1572 862 1631 facile
872 1576 956 1643 vitiis,
968 1595 1055 1651 quarn
1065 1597 1102 1633 ar-

307 1652 370 1716 mis,
384 1650 534 1707 vincentur.
695 1712 697 1719 ¹
769 1662 824 1780 ml

361 1727 404 1781 at.
416 1724 508 1781 Genus
517 1723 727 1797 spectaculorum
737 1741 776 1781 nn
834 1724 1100 1798 atqucinomnicoe

307 1810 337 1855 tu
347 1800 427 1855 idern.
466 1800 539 1856 Nudi
548 1802 669 1865 iuvenes,
681 1800 782 1871 quibus
791 1798 820 1855 id
830 1798 964 1856 ludicrum
975 1810 1026 1868 est,
1038 1803 1100 1857 inter

306 1874 408 1950 gladios
418 1893 447 1931 se
457 1883 536 1949 atque
544 1874 653 1931 infestas
667 1872 780 1929 frameas
790 1872 859 1930 saltu
871 1876 979 1945 iaciunt.
1021 1876 1100 1931 Exer-
1141 1946 1142 1955 ἵ

307 1952 395 2006 citatio
410 1958 492 2005 artem
507 1950 619 2021 paravit,
639 1966 684 2004 ars
697 1950 831 2005 decorem:
852 1967 905 2005 non
919 1951 949 2005 in
958 1961 1099 2023 quaestum

307 2036 410 2091 tamen,
436 2032 481 2079 ant
504 2022 662 2079 mercedem.
701 2022 832 2090 Quamvis
851 2024 958 2083 audacis
977 2024 1100 2081 lasciviae

306 2102 422 2171 pretium
437 2107 486 2164 est,
498 2097 619 2170 voluptas
631 2100 816 2171 spectantium.
854 2098 947 2155 Aleum
957 2098 1043 2172 (quod
1053 2102 1100 2155 mi-

305 2174 372 2246 rare)
381 2174 465 2230 sobrii
476 2173 544 2229 inter
558 2175 627 2229 seria
636 2182 767 2240 exercent,
779 2182 849 2229 tanta
857 2172 979 2230 lucrandi
987 2176 1100 2247 perden-

304 2246 367 2303 dive
375 2249 529 2314 temeritate,
545 2257 584 2314 ut,
595 2266 658 2304 cnm
668 2248 757 2305 omnia
767 2246 927 2315 defecerunt,
943 2256 1100 2306 extremoao

305 2322 452 2382 novissimo
465 2324 534 2377 iactu
548 2323 582 2377 de
597 2322 715 2380 libertate
728 2332 753 2377 et
767 2324 800 2378 tle
812 2340 920 2397 corpore
932 2324 1097 2387 contendant.

305 2397 398 2452 Victus
416 2396 592 2453 voluntariam
610 2399 764 2454 servitutem
781 2398 844 2453 adit.
884 2396 1100 2465 Quamuisiuve·

305 2472 374 2545 nior,
391 2472 516 2545 quamvis
530 2470 672 2540 robustior,
686 2472 802 2547 adligare
811 2490 840 2528 so
850 2491 880 2528 ao
888 2472 980 2532 venire
990 2476 1097 2547 patitm.

304 2546 343 2601 Ea
353 2554 394 2600 est
402 2547 430 2601 in
440 2561 469 2600 ra
476 2563 559 2617 prava
569 2548 730 2618 pervicacia:
752 2548 806 2619 ipsi
814 2546 894 2604 fidem
904 2558 1010 2607 vocant.
1043 2546 1098 2605 Ser-

306 2639 353 2677 vos
372 2620 530 2676 ccnditiouis
547 2621 631 2678 huius
650 2640 697 2694 per
716 2625 872 2682 commercia
889 2622 1009 2692 tradunt,
1030 2632 1061 2681 ut
1072 2639 1098 2677 sa

305 2713 414 2769 quoque
421 2692 523 2767 pudore
534 2696 656 2753 victoriae
666 2697 811 2755 exsolvant.

308 2821 311 2829 .
336 2813 340 2817 -
358 2773 401 2827 25.
423 2768 522 2825 Ceteris
537 2772 633 2835 servis,
646 2772 736 2826 nonin
749 2778 869 2827 nostrum
879 2789 990 2837 morem,
1002 2772 1097 2829 descri-

303 2845 357 2915 ptis
367 2861 414 2915 per
424 2842 553 2899 familiam
564 2845 730 2911 ministeriis,
740 2854 862 2901 utuntur.
891 2846 974 2901 Suam
985 2849 1097 2921 quisquo

304 2917 405 2985 sedem,
425 2936 488 2975 snos
502 2920 612 2977 Penates
628 2920 704 2993 regit.
743 2918 882 2977 Frumenti
895 2921 1006 2977 modum
1016 2920 1097 2979 domi·
