2559 3692
305 427 338 480 so
542 429 868 476 nrsronrnnuu
957 420 1103 496 (numm.

305 530 383 588 htum
392 529 517 586 laudibus
527 528 655 596 cumulat.
680 528 831 586 Postulante
839 530 966 597 exercitu,
977 537 1009 585 ut
1020 530 1105 586 libere

303 619 361 662 tum
372 623 452 660 suum
462 604 608 660 Asiaticum
622 605 739 676 equeshi
773 606 779 618 '
818 606 880 660 itate
890 604 1009 670 donaret,
1021 605 1104 660 inho-

304 689 405 736 nestam
416 679 592 734 adulationem
602 680 753 751 oompmcit.
820 679 857 744 in,
869 677 1015 734 mobilitate
1025 679 1104 753 inge-

304 756 352 821 nii,
370 754 441 826 quod
454 753 542 826 palam
556 753 693 819 mouerat,
706 754 880 808 intersecreta
890 753 1008 810 convivii
1019 753 1104 828 largi·

304 839 357 894 tur,
373 829 564 900 honoravitque
574 826 722 883 Asiaticum
735 827 834 894 anulis,
847 827 955 884 foedum
966 828 1102 900 mancipi·

304 921 352 958 um
362 911 387 958 et
397 902 475 957 malie
484 903 586 957 artibus
596 902 777 958 ambitiosum.

358 981 400 1032 58.
421 976 517 1030 lisdem
537 975 641 1042 diebus,
662 977 805 1032 accessisse
820 976 941 1048 partibus
955 985 1101 1050 utramque

303 1052 503 1115 Mauretaniam,
518 1049 654 1106 interiecto
660 1058 826 1122 procuratore
835 1047 941 1115 Albino,
952 1053 1044 1108 nuntii
1054 1069 1101 1107 ve-

304 1143 375 1182 nere.
406 1125 534 1180 Lucceius
543 1123 807 1191 Albinus,aNerone
815 1126 993 1181 blarrretaniae
1000 1125 1099 1182 Caesa·

304 1202 386 1256 riensi
399 1199 573 1271 praepositus,
588 1199 676 1254 addita
688 1215 736 1271 per
749 1199 860 1255 Galbam
870 1201 1027 1274 Tingitanae
1036 1219 1099 1273 pro-

304 1275 407 1330 vinciae
420 1273 655 1337 administratione,
667 1274 740 1330 baud
751 1274 907 1346 spernendis
917 1275 1024 1331 viribus
1034 1293 1099 1350 ege-

303 1349 356 1405 bat.
397 1347 598 1414 XIXoobortes,
620 1349 742 1420 quinque
751 1348 816 1414 alae,
836 1350 932 1422 ingens
941 1350 1096 1406 Maurorum

304 1439 433 1479 numerus
445 1421 541 1487 aderat,
553 1439 601 1492 per
611 1420 744 1478 latrocinia
754 1432 780 1478 et
788 1431 879 1496 raptus
892 1431 951 1496 apta
960 1423 1032 1480 bello
1041 1442 1097 1480 ma-

304 1516 366 1553 nus.
406 1496 487 1552 Caeso
505 1497 598 1563 Galba,
619 1497 647 1551 in
665 1495 796 1552 Othonem
815 1515 926 1570 pronus,
946 1515 996 1554 nec
1007 1499 1095 1555 Africa

304 1579 450 1636 contentus,
470 1572 620 1642 Hispaniae,
642 1571 828 1646 augustofrete
837 1573 991 1646 diremptae,
1015 1575 1096 1630 inmi-

304 1647 390 1703 nebat.
417 1645 480 1702 lude
489 1646 584 1702 Cluvio
592 1645 661 1702 Rufo
669 1655 770 1704 metus:
791 1655 817 1702 et
825 1647 955 1703 decimam
964 1647 1093 1721 legionem

303 1723 481 1794 propinquare
490 1719 609 1786 litori,ut
619 1722 835 1786 transmissurus,
845 1723 933 1779 iussit.
954 1723 1095 1778 Praemissi

303 1799 478 1860 centuriones,
485 1797 533 1868 qui
538 1797 690 1852 Maurorum
701 1797 1093 1858 enimosVitcllioeonciliareut.

296 1871 395 1943 Neque
409 1871 523 1926 arduum
533 1871 596 1936 luit,
612 1889 709 1945 magna
723 1888 770 1943 per
781 1873 932 1942 provincias
943 1872 1094 1928 Germanici

302 1945 521 2002 exercituslame.
558 1944 734 2017 spargebatur
742 1946 863 2016 iusuper,
873 1954 961 2018 spreto
970 1964 1095 2018 procura·

301 2022 365 2076 toris
376 2019 512 2085 vocabulo,
523 2018 653 2074 Albinum
663 2019 769 2092 insigne
777 2021 859 2093 regis,-
874 2030 900 2076 et
908 2021 989 2076 lubae
998 2039 1093 2078 nomen

301 2111 455 2224 usubllrlla
465 2168 573 2221 mutetis
583 2167 691 2234 animis,
701 2167 812 2225 Asinius
822 2167 913 2235 Pollio,
927 2168 984 2225 alae
992 2172 1093 2242 praele-

301 2251 369 2310 ctus,
381 2261 396 2296 e
406 2241 543 2297 fidissimis
553 2239 659 2308 Albino,
666 2249 692 2297 et
700 2242 796 2298 Festus
805 2261 837 2298 ac
842 2242 939 2316 Scipio,
946 2245 1091 2302 cohortium

299 2317 432 2391 preelecti,
444 2315 640 2386 opprimuntur.
672 2318 731 2390 lpse
740 2317 864 2384 Albinus,
875 2317 941 2374 dum
951 2336 966 2373 e
976 2321 1027 2376 Tin
1048 2324 1093 2376 'ta-

300 2411 334 2448 na
344 2391 479 2464 provincia
484 2389 680 2448 Caesariensem
685 2392 875 2450 Mauretaniam
882 2395 956 2466 petit,
963 2395 1035 2467 adpu
1046 2413 1091 2452 sus

300 2466 379 2531 litori,
400 2463 554 2521 trucidatur.
594 2466 665 2523 Uxor
679 2469 747 2535 eius,
768 2485 831 2524 curn
846 2485 876 2522 se
891 2470 1091 2541 percussoribus

299 2541 447 2604 obtulisset,
463 2540 545 2595 simul
555 2541 690 2597 interfecte
700 2551 752 2611 est3
773 2542 841 2599 nihil
852 2560 953 2610 eorum,
967 2546 1092 2617 quaetio-

300 2625 368 2688 rent,¹
378 2613 483 2671 Vitellio
492 2616 657 2688 anquirente.
675 2617 753 2672 Brevi
762 2619 854 2675 auditu
862 2619 987 2692 quamvis
997 2638 1092 2695 magna

300 2690 437 2762 transibat,
448 2691 525 2760 inpar
536 2691 607 2746 curis
617 2692 795 2764 gravioribus.
832 2694 987 2749 Exercitum
999 2696 1092 2751 itinere

299 2765 415 2819 terrestri
430 2781 538 2837 pergere
551 2765 638 2820 iubet:
660 2767 718 2837 ipse
731 2765 813 2822 Arare
821 2766 932 2827 flumine
940 2767 1090 2836 devehitur,

300 2837 374 2893 nullo
382 2838 522 2909 principali
532 2847 634 2910 paratu,
642 2840 689 2895 sed
698 2849 785 2896 vetere
794 2850 908 2916 egestate
913 2845 1088 2915 conspicuus:

299 2911 383 2968 donec
396 2912 480 2968 lulius
494 2910 613 2981 Blaesus,
629 2915 817 2990 Lugdunensis
827 2916 927 2973 Galliae
940 2927 1034 2986 rector,
1043 2936 1090 2993 ge-
