2559 3692
286 352 335 408 uu
521 360 845 407 rusronrnnurr
945 352 1086 423 (mm,

284 459 592 591 hegumenum,
606 450 1088 533 neaersisrdcivilehellumlegia

332 552 375 600 us,
391 542 463 609 terga
477 535 651 591 nudarentur.
689 534 780 589 'litam
788 536 888 589 instare
897 533 1020 598 Iudaeae,
1032 534 1087 589 Ve-

282 610 439 680 spasisnum
448 609 567 665 obtinere
576 608 692 664 claustra
699 609 814 682 Aegypti
824 606 933 680 placuit.
954 607 1086 663 Suffieere

204 750 208 757 ¹
284 682 442 739 videbantur
460 683 589 739 adversus
597 683 737 741 Vitellium
754 701 818 755 pars
836 683 974 754 eopiarum
986 692 1013 737 et
1027 682 1085 737 dux
1134 664 1135 713 l

281 758 635 831 iiueianus‚etl¹espasiani
644 776 753 824 nomen,
762 776 794 813 ae
804 758 874 813 nihil
882 758 999 813 arduum
1009 757 1082 816 tatis.
1135 737 1136 780 l

281 833 426 889 Adom'nes
435 835 567 889 exercitus
577 833 731 908 legatusque
739 834 852 904 scriptae
861 832 1084 905 epistolae‚prae·

281 911 1084 983 eqsurmqueutprnetoriume,Vitelliea'ateusoereea'perau-
1137 933 1139 980 ¹

281 987 731 1051 duemilttiuepreamiuiueitareat.
1139 1021 1140 1074 ¹

336 1060 379 1111 8³.
399 1056 541 1113 Mucianus
553 1076 616 1113 eum
630 1059 752 1130 expedita
766 1075 859 1122 manu,
879 1058 982 1113 socium
993 1054 1081 1129 magis
1140 1093 1141 1136 ¹

280 1131 399 1261 {iffi
415 1133 668 1280 drmit
675 1131 1083 1279 'laistidedum
1141 1235 1144 1278 ¹

280 1278 542 1353 famamipsespatio
551 1283 669 1338 sinebat:
683 1300 795 1357 gnarus,
806 1281 923 1341 modicas
932 1272 1005 1335 vires
1015 1280 1079 1344 sibi,
1143 1305 1144 1362 ¹

281 1363 307 1409 et
320 1354 419 1412 maiora
433 1356 506 1411 eradi
519 1354 552 1411 da
564 1350 730 1413 absentibus.
769 1356 1081 1429 Sedlegioaextaettre-
1144 1377 1145 1420 ¹

280 1428 367 1483 decim
381 1428 582 1487 vexillariorum
597 1431 682 1487 millia
695 1432 798 1505 ingenti
809 1432 918 1505 agmine
928 1430 1080 1502 sequeban-
1145 1449 1146 1480 l

280 1510 334 1557 tur.
373 1502 492 1559 Classem
506 1506 779 1579 el'onteByzantium
791 1506 1000 1579 edigiiusaerat:
1021 1522 1080 1559 am·
1146 1518 1147 1545 l

279 1578 380 1651 biguua
398 1579 512 1645 eonsilii,
536 1598 613 1647 num,
633 1582 734 1637 omissa
751 1581 860 1644 Moesia,
881 1578 1079 1654 Dyrrhachium
1147 1591 1148 1608 ¹

279 1651 368 1724 pedite
384 1661 466 1728 atque
479 1656 578 1727 equite,
599 1656 681 1713 simul
696 1656 783 1730 longis
795 1655 911 1710 navibus
925 1671 1036 1709 versum
1051 1655 1078 1709 in
1148 1661 1149 1670 ¹

279 1726 383 1784 ltaliam
406 1746 480 1786 mare
504 1730 652 1797 clauderet,
676 1739 732 1787 tuta
755 1748 824 1801 pone
848 1738 954 1804 tergum
977 1729 1078 1784 Achaia

278 1804 410 1877 Asiaque:
431 1822 500 1879 quas
513 1807 629 1863 inermes
643 1807 741 1878 exponi
755 1805 876 1871 Vitellio,
895 1806 925 1859 ni
936 1804 1079 1876 praesidiis

279 1878 462 1937 firmarentur:
483 1888 563 1953 atque
581 1884 673 1952 ipsum
692 1878 828 1937 Vitellium
848 1881 878 1935 in
895 1880 995 1935 inoerto
1011 1877 1077 1945 fore,

279 1970 362 2025 quam
371 1965 473 2028 partem
484 1956 573 2011 ltaliae
581 1961 737 2027 protegeret,
748 1955 773 2008 si
783 1955 836 2009 sibi
845 1955 1020 2010 Brundisium
1028 1954 1080 2009 Ta-

278 2036 440 2102 rentumque
462 2037 488 2084 et
510 2028 647 2091 Calabriae
668 2029 855 2101 Lumniaeque
876 2029 951 2085 litera
973 2028 1079 2085 infestis

278 2103 580 2175 classibuspeterentur.

333 2182 375 2233 at.
397 2178 481 2252 Igitur
490 2178 611 2243 navium,
623 2177 752 2245 militum,
762 2196 898 2234 armorum
907 2186 1002 2251 paratu
1011 2187 1081 2235 stre-

277 2268 341 2325 pere
354 2253 516 2325 provinciae.
554 2252 607 2309 Sed
618 2253 688 2309 nihil
698 2270 782 2326 aeque
791 2253 925 2327 fatigabat,
938 2272 1020 2326 quam
1031 2271 1081 2325 pe-

277 2327 1081 2477 &luttizi{uztt‘tllltlmltt

277 2477 325 2533 sed
334 2475 640 2551 salammegnitudinem
650 2496 734 2551 opum
743 2479 886 2551 spectabat.
917 2480 1021 2533 Passim
1031 2478 1081 2533 de-

278 2544 403 2624 latienes:
424 2560 450 2607 et
463 2552 689 2625 locupletissimus
702 2554 820 2626 quiaque
832 2554 862 2609 in
874 2553 1000 2624 praedam
1014 2570 1081 2609 eon-

277 2628 356 2699 repti.
395 2624 469 2694 Quae
482 2628 574 2701 gravia
589 2636 669 2700 atque
678 2627 851 2694 intoleranda,
866 2628 913 2683 sed
922 2629 1081 2683 necessitate

278 2718 413 2760 armorum
432 2711 565 2768 excusata,
586 2704 666 2758 etiem
679 2703 709 2757 in
722 2720 787 2773 paee
800 2720 936 2758 mansere:
956 2703 1016 2775 ipso
1025 2703 1081 2757 Ve-

277 2777 411 2849 spasiano,
422 2777 491 2833 inter
500 2776 576 2833 initia
585 2778 702 2849 imperii,
714 2777 747 2833 ad
756 2778 912 2845 obtinendas
921 2775 1079 2849 iniquitates

278 2850 352 2909 haud
360 2852 471 2925 perinde
479 2852 643 2909 abstinente:
656 2852 740 2909 donee
747 2851 913 2927 indulgentia
922 2850 1042 2908 fortunae
1052 2861 1080 2907 et
